%YAML 1.1
%TAG !u! tag:unity3d.com,2011:
--- !u!29 &1
OcclusionCullingSettings:
  m_ObjectHideFlags: 0
  serializedVersion: 2
  m_OcclusionBakeSettings:
    smallestOccluder: 5
    smallestHole: 0.25
    backfaceThreshold: 100
  m_SceneGUID: 00000000000000000000000000000000
  m_OcclusionCullingData: {fileID: 0}
--- !u!104 &2
RenderSettings:
  m_ObjectHideFlags: 0
  serializedVersion: 9
  m_Fog: 0
  m_FogColor: {r: 0.5, g: 0.5, b: 0.5, a: 1}
  m_FogMode: 3
  m_FogDensity: 0.01
  m_LinearFogStart: 0
  m_LinearFogEnd: 300
  m_AmbientSkyColor: {r: 0.212, g: 0.227, b: 0.259, a: 1}
  m_AmbientEquatorColor: {r: 0.114, g: 0.125, b: 0.133, a: 1}
  m_AmbientGroundColor: {r: 0.047, g: 0.043, b: 0.035, a: 1}
  m_AmbientIntensity: 1
  m_AmbientMode: 0
  m_SubtractiveShadowColor: {r: 0.42, g: 0.478, b: 0.627, a: 1}
  m_SkyboxMaterial: {fileID: 10304, guid: 0000000000000000f000000000000000, type: 0}
  m_HaloStrength: 0.5
  m_FlareStrength: 1
  m_FlareFadeSpeed: 3
  m_HaloTexture: {fileID: 0}
  m_SpotCookie: {fileID: 10001, guid: 0000000000000000e000000000000000, type: 0}
  m_DefaultReflectionMode: 0
  m_DefaultReflectionResolution: 128
  m_ReflectionBounces: 1
  m_ReflectionIntensity: 1
  m_CustomReflection: {fileID: 0}
  m_Sun: {fileID: 0}
  m_IndirectSpecularColor: {r: 0.4465782, g: 0.49641252, b: 0.5748167, a: 1}
  m_UseRadianceAmbientProbe: 0
--- !u!157 &3
LightmapSettings:
  m_ObjectHideFlags: 0
  serializedVersion: 11
  m_GIWorkflowMode: 0
  m_GISettings:
    serializedVersion: 2
    m_BounceScale: 1
    m_IndirectOutputScale: 1
    m_AlbedoBoost: 1
    m_EnvironmentLightingMode: 0
    m_EnableBakedLightmaps: 1
    m_EnableRealtimeLightmaps: 1
  m_LightmapEditorSettings:
    serializedVersion: 10
    m_Resolution: 2
    m_BakeResolution: 40
    m_AtlasSize: 1024
    m_AO: 0
    m_AOMaxDistance: 1
    m_CompAOExponent: 1
    m_CompAOExponentDirect: 0
    m_Padding: 2
    m_LightmapParameters: {fileID: 0}
    m_LightmapsBakeMode: 1
    m_TextureCompression: 1
    m_FinalGather: 0
    m_FinalGatherFiltering: 1
    m_FinalGatherRayCount: 256
    m_ReflectionCompression: 2
    m_MixedBakeMode: 2
    m_BakeBackend: 1
    m_PVRSampling: 1
    m_PVRDirectSampleCount: 32
    m_PVRSampleCount: 500
    m_PVRBounces: 2
    m_PVRFilterTypeDirect: 0
    m_PVRFilterTypeIndirect: 0
    m_PVRFilterTypeAO: 0
    m_PVRFilteringMode: 1
    m_PVRCulling: 1
    m_PVRFilteringGaussRadiusDirect: 1
    m_PVRFilteringGaussRadiusIndirect: 5
    m_PVRFilteringGaussRadiusAO: 2
    m_PVRFilteringAtrousPositionSigmaDirect: 0.5
    m_PVRFilteringAtrousPositionSigmaIndirect: 2
    m_PVRFilteringAtrousPositionSigmaAO: 1
    m_ShowResolutionOverlay: 1
  m_LightingDataAsset: {fileID: 0}
  m_UseShadowmask: 1
--- !u!196 &4
NavMeshSettings:
  serializedVersion: 2
  m_ObjectHideFlags: 0
  m_BuildSettings:
    serializedVersion: 2
    agentTypeID: 0
    agentRadius: 0.5
    agentHeight: 2
    agentSlope: 45
    agentClimb: 0.4
    ledgeDropHeight: 0
    maxJumpAcrossDistance: 0
    minRegionArea: 2
    manualCellSize: 0
    cellSize: 0.16666667
    manualTileSize: 0
    tileSize: 256
    accuratePlacement: 0
    debug:
      m_Flags: 0
  m_NavMeshData: {fileID: 0}
--- !u!1001 &11818707
PrefabInstance:
  m_ObjectHideFlags: 0
  serializedVersion: 2
  m_Modification:
    m_TransformParent: {fileID: 1553478624}
    m_Modifications:
    - target: {fileID: 1136410170050514, guid: 776e4179c67bbce45bfe586d805ed1b1, type: 3}
      propertyPath: m_Name
      value: rock2
      objectReference: {fileID: 0}
    - target: {fileID: 4737132181568684, guid: 776e4179c67bbce45bfe586d805ed1b1, type: 3}
      propertyPath: m_LocalPosition.x
      value: -39.3
      objectReference: {fileID: 0}
    - target: {fileID: 4737132181568684, guid: 776e4179c67bbce45bfe586d805ed1b1, type: 3}
      propertyPath: m_LocalPosition.y
      value: 1.1
      objectReference: {fileID: 0}
    - target: {fileID: 4737132181568684, guid: 776e4179c67bbce45bfe586d805ed1b1, type: 3}
      propertyPath: m_LocalPosition.z
      value: 9.3
      objectReference: {fileID: 0}
    - target: {fileID: 4737132181568684, guid: 776e4179c67bbce45bfe586d805ed1b1, type: 3}
      propertyPath: m_LocalRotation.x
      value: -0
      objectReference: {fileID: 0}
    - target: {fileID: 4737132181568684, guid: 776e4179c67bbce45bfe586d805ed1b1, type: 3}
      propertyPath: m_LocalRotation.y
      value: -0
      objectReference: {fileID: 0}
    - target: {fileID: 4737132181568684, guid: 776e4179c67bbce45bfe586d805ed1b1, type: 3}
      propertyPath: m_LocalRotation.z
      value: -0
      objectReference: {fileID: 0}
    - target: {fileID: 4737132181568684, guid: 776e4179c67bbce45bfe586d805ed1b1, type: 3}
      propertyPath: m_LocalRotation.w
      value: 1
      objectReference: {fileID: 0}
    - target: {fileID: 4737132181568684, guid: 776e4179c67bbce45bfe586d805ed1b1, type: 3}
      propertyPath: m_RootOrder
      value: 8
      objectReference: {fileID: 0}
    - target: {fileID: 4737132181568684, guid: 776e4179c67bbce45bfe586d805ed1b1, type: 3}
      propertyPath: m_LocalEulerAnglesHint.x
      value: 0
      objectReference: {fileID: 0}
    - target: {fileID: 4737132181568684, guid: 776e4179c67bbce45bfe586d805ed1b1, type: 3}
      propertyPath: m_LocalEulerAnglesHint.y
      value: 0
      objectReference: {fileID: 0}
    - target: {fileID: 4737132181568684, guid: 776e4179c67bbce45bfe586d805ed1b1, type: 3}
      propertyPath: m_LocalEulerAnglesHint.z
      value: 0
      objectReference: {fileID: 0}
    - target: {fileID: 4737132181568684, guid: 776e4179c67bbce45bfe586d805ed1b1, type: 3}
      propertyPath: m_LocalScale.x
      value: 4
      objectReference: {fileID: 0}
    - target: {fileID: 4737132181568684, guid: 776e4179c67bbce45bfe586d805ed1b1, type: 3}
      propertyPath: m_LocalScale.y
      value: 4
      objectReference: {fileID: 0}
    - target: {fileID: 4737132181568684, guid: 776e4179c67bbce45bfe586d805ed1b1, type: 3}
      propertyPath: m_LocalScale.z
      value: 4
      objectReference: {fileID: 0}
    m_RemovedComponents: []
  m_SourcePrefab: {fileID: 100100000, guid: 776e4179c67bbce45bfe586d805ed1b1, type: 3}
--- !u!4 &11818708 stripped
Transform:
  m_CorrespondingSourceObject: {fileID: 4737132181568684, guid: 776e4179c67bbce45bfe586d805ed1b1,
    type: 3}
  m_PrefabInstance: {fileID: 11818707}
  m_PrefabAsset: {fileID: 0}
--- !u!1001 &37441116
PrefabInstance:
  m_ObjectHideFlags: 0
  serializedVersion: 2
  m_Modification:
    m_TransformParent: {fileID: 1553478624}
    m_Modifications:
    - target: {fileID: 1050810324231342, guid: 7ed424ab627e11f41af3ad0ea72e403f, type: 3}
      propertyPath: m_Name
      value: rock12
      objectReference: {fileID: 0}
    - target: {fileID: 4348528398658742, guid: 7ed424ab627e11f41af3ad0ea72e403f, type: 3}
      propertyPath: m_LocalPosition.x
      value: 44
      objectReference: {fileID: 0}
    - target: {fileID: 4348528398658742, guid: 7ed424ab627e11f41af3ad0ea72e403f, type: 3}
      propertyPath: m_LocalPosition.y
      value: -0.6
      objectReference: {fileID: 0}
    - target: {fileID: 4348528398658742, guid: 7ed424ab627e11f41af3ad0ea72e403f, type: 3}
      propertyPath: m_LocalPosition.z
      value: 2.9
      objectReference: {fileID: 0}
    - target: {fileID: 4348528398658742, guid: 7ed424ab627e11f41af3ad0ea72e403f, type: 3}
      propertyPath: m_LocalRotation.x
      value: -0
      objectReference: {fileID: 0}
    - target: {fileID: 4348528398658742, guid: 7ed424ab627e11f41af3ad0ea72e403f, type: 3}
      propertyPath: m_LocalRotation.y
      value: -0
      objectReference: {fileID: 0}
    - target: {fileID: 4348528398658742, guid: 7ed424ab627e11f41af3ad0ea72e403f, type: 3}
      propertyPath: m_LocalRotation.z
      value: -0
      objectReference: {fileID: 0}
    - target: {fileID: 4348528398658742, guid: 7ed424ab627e11f41af3ad0ea72e403f, type: 3}
      propertyPath: m_LocalRotation.w
      value: 1
      objectReference: {fileID: 0}
    - target: {fileID: 4348528398658742, guid: 7ed424ab627e11f41af3ad0ea72e403f, type: 3}
      propertyPath: m_RootOrder
      value: 4
      objectReference: {fileID: 0}
    - target: {fileID: 4348528398658742, guid: 7ed424ab627e11f41af3ad0ea72e403f, type: 3}
      propertyPath: m_LocalEulerAnglesHint.x
      value: 0
      objectReference: {fileID: 0}
    - target: {fileID: 4348528398658742, guid: 7ed424ab627e11f41af3ad0ea72e403f, type: 3}
      propertyPath: m_LocalEulerAnglesHint.y
      value: 0
      objectReference: {fileID: 0}
    - target: {fileID: 4348528398658742, guid: 7ed424ab627e11f41af3ad0ea72e403f, type: 3}
      propertyPath: m_LocalEulerAnglesHint.z
      value: 0
      objectReference: {fileID: 0}
    - target: {fileID: 4348528398658742, guid: 7ed424ab627e11f41af3ad0ea72e403f, type: 3}
      propertyPath: m_LocalScale.x
      value: 10
      objectReference: {fileID: 0}
    - target: {fileID: 4348528398658742, guid: 7ed424ab627e11f41af3ad0ea72e403f, type: 3}
      propertyPath: m_LocalScale.y
      value: 10
      objectReference: {fileID: 0}
    - target: {fileID: 4348528398658742, guid: 7ed424ab627e11f41af3ad0ea72e403f, type: 3}
      propertyPath: m_LocalScale.z
      value: 10
      objectReference: {fileID: 0}
    m_RemovedComponents: []
  m_SourcePrefab: {fileID: 100100000, guid: 7ed424ab627e11f41af3ad0ea72e403f, type: 3}
--- !u!4 &37441117 stripped
Transform:
  m_CorrespondingSourceObject: {fileID: 4348528398658742, guid: 7ed424ab627e11f41af3ad0ea72e403f,
    type: 3}
  m_PrefabInstance: {fileID: 37441116}
  m_PrefabAsset: {fileID: 0}
--- !u!1001 &57529746
PrefabInstance:
  m_ObjectHideFlags: 0
  serializedVersion: 2
  m_Modification:
    m_TransformParent: {fileID: 841649710}
    m_Modifications:
    - target: {fileID: 100000, guid: 919ca0cfce8f1e04cb4e8a585ffcd5d7, type: 3}
      propertyPath: m_Name
      value: BoxMedium
      objectReference: {fileID: 0}
    - target: {fileID: 100000, guid: 919ca0cfce8f1e04cb4e8a585ffcd5d7, type: 3}
      propertyPath: m_TagString
      value: Goal
      objectReference: {fileID: 0}
    - target: {fileID: 400000, guid: 919ca0cfce8f1e04cb4e8a585ffcd5d7, type: 3}
      propertyPath: m_LocalPosition.x
      value: 7.5
      objectReference: {fileID: 0}
    - target: {fileID: 400000, guid: 919ca0cfce8f1e04cb4e8a585ffcd5d7, type: 3}
      propertyPath: m_LocalPosition.y
      value: 2
      objectReference: {fileID: 0}
    - target: {fileID: 400000, guid: 919ca0cfce8f1e04cb4e8a585ffcd5d7, type: 3}
      propertyPath: m_LocalPosition.z
      value: -53.61
      objectReference: {fileID: 0}
    - target: {fileID: 400000, guid: 919ca0cfce8f1e04cb4e8a585ffcd5d7, type: 3}
      propertyPath: m_LocalRotation.x
      value: 0.000000029802322
      objectReference: {fileID: 0}
    - target: {fileID: 400000, guid: 919ca0cfce8f1e04cb4e8a585ffcd5d7, type: 3}
      propertyPath: m_LocalRotation.y
      value: -0
      objectReference: {fileID: 0}
    - target: {fileID: 400000, guid: 919ca0cfce8f1e04cb4e8a585ffcd5d7, type: 3}
      propertyPath: m_LocalRotation.z
      value: 0.000000014901161
      objectReference: {fileID: 0}
    - target: {fileID: 400000, guid: 919ca0cfce8f1e04cb4e8a585ffcd5d7, type: 3}
      propertyPath: m_LocalRotation.w
      value: 1
      objectReference: {fileID: 0}
    - target: {fileID: 400000, guid: 919ca0cfce8f1e04cb4e8a585ffcd5d7, type: 3}
      propertyPath: m_RootOrder
      value: 0
      objectReference: {fileID: 0}
    - target: {fileID: 400000, guid: 919ca0cfce8f1e04cb4e8a585ffcd5d7, type: 3}
      propertyPath: m_LocalEulerAnglesHint.x
      value: 0
      objectReference: {fileID: 0}
    - target: {fileID: 400000, guid: 919ca0cfce8f1e04cb4e8a585ffcd5d7, type: 3}
      propertyPath: m_LocalEulerAnglesHint.y
      value: 0
      objectReference: {fileID: 0}
    - target: {fileID: 400000, guid: 919ca0cfce8f1e04cb4e8a585ffcd5d7, type: 3}
      propertyPath: m_LocalEulerAnglesHint.z
      value: 0
      objectReference: {fileID: 0}
    - target: {fileID: 400000, guid: 919ca0cfce8f1e04cb4e8a585ffcd5d7, type: 3}
      propertyPath: m_LocalScale.x
      value: 2.6
      objectReference: {fileID: 0}
    - target: {fileID: 400000, guid: 919ca0cfce8f1e04cb4e8a585ffcd5d7, type: 3}
      propertyPath: m_LocalScale.z
      value: 3.8999999
      objectReference: {fileID: 0}
    - target: {fileID: 400000, guid: 919ca0cfce8f1e04cb4e8a585ffcd5d7, type: 3}
      propertyPath: m_LocalScale.y
      value: 1.0400001
      objectReference: {fileID: 0}
    - target: {fileID: 2300000, guid: 919ca0cfce8f1e04cb4e8a585ffcd5d7, type: 3}
      propertyPath: m_Materials.Array.data[0]
      value: 
      objectReference: {fileID: 2100000, guid: 029411f1fffde6b40a83d6cd295d4d0b, type: 2}
    m_RemovedComponents: []
  m_SourcePrefab: {fileID: 100100000, guid: 919ca0cfce8f1e04cb4e8a585ffcd5d7, type: 3}
--- !u!4 &57529747 stripped
Transform:
  m_CorrespondingSourceObject: {fileID: 400000, guid: 919ca0cfce8f1e04cb4e8a585ffcd5d7,
    type: 3}
  m_PrefabInstance: {fileID: 57529746}
  m_PrefabAsset: {fileID: 0}
--- !u!1 &57529748 stripped
GameObject:
  m_CorrespondingSourceObject: {fileID: 100000, guid: 919ca0cfce8f1e04cb4e8a585ffcd5d7,
    type: 3}
  m_PrefabInstance: {fileID: 57529746}
  m_PrefabAsset: {fileID: 0}
--- !u!64 &57529749
MeshCollider:
  m_ObjectHideFlags: 0
  m_CorrespondingSourceObject: {fileID: 0}
  m_PrefabInstance: {fileID: 0}
  m_PrefabAsset: {fileID: 0}
  m_GameObject: {fileID: 57529748}
  m_Material: {fileID: 0}
  m_IsTrigger: 0
  m_Enabled: 1
  serializedVersion: 3
  m_Convex: 0
  m_CookingOptions: 14
  m_Mesh: {fileID: 4300000, guid: 919ca0cfce8f1e04cb4e8a585ffcd5d7, type: 3}
--- !u!1 &75898292 stripped
GameObject:
  m_CorrespondingSourceObject: {fileID: 1050810324231342, guid: 7ed424ab627e11f41af3ad0ea72e403f,
    type: 3}
  m_PrefabInstance: {fileID: 37441116}
  m_PrefabAsset: {fileID: 0}
--- !u!64 &75898293
MeshCollider:
  m_ObjectHideFlags: 0
  m_CorrespondingSourceObject: {fileID: 0}
  m_PrefabInstance: {fileID: 0}
  m_PrefabAsset: {fileID: 0}
  m_GameObject: {fileID: 75898292}
  m_Material: {fileID: 0}
  m_IsTrigger: 0
  m_Enabled: 1
  serializedVersion: 3
  m_Convex: 0
  m_CookingOptions: 14
  m_Mesh: {fileID: 4300000, guid: af3be62583fdb544f8984c4841b96372, type: 3}
--- !u!4 &197278001 stripped
Transform:
  m_CorrespondingSourceObject: {fileID: 8470856870357660205, guid: d6cad603957094ea2944170886eaad33,
    type: 3}
  m_PrefabInstance: {fileID: 6607011208271654019}
  m_PrefabAsset: {fileID: 0}
--- !u!4 &344233448 stripped
Transform:
  m_CorrespondingSourceObject: {fileID: 8381890632152492869, guid: 867926b7be9d845a6978d00bd2f4b49a,
    type: 3}
  m_PrefabInstance: {fileID: 6515622204839562092}
  m_PrefabAsset: {fileID: 0}
--- !u!1 &415221788
GameObject:
  m_ObjectHideFlags: 0
  m_CorrespondingSourceObject: {fileID: 0}
  m_PrefabInstance: {fileID: 0}
  m_PrefabAsset: {fileID: 0}
  serializedVersion: 6
  m_Component:
  - component: {fileID: 415221789}
  - component: {fileID: 415221790}
  m_Layer: 0
  m_Name: AppleCollector
  m_TagString: Untagged
  m_Icon: {fileID: 0}
  m_NavMeshLayer: 0
  m_StaticEditorFlags: 0
  m_IsActive: 1
--- !u!4 &415221789
Transform:
  m_ObjectHideFlags: 0
  m_CorrespondingSourceObject: {fileID: 0}
  m_PrefabInstance: {fileID: 0}
  m_PrefabAsset: {fileID: 0}
  m_GameObject: {fileID: 415221788}
  m_LocalRotation: {x: 0, y: 0, z: 0, w: 1}
  m_LocalPosition: {x: 0, y: 0, z: 0}
  m_LocalScale: {x: 1, y: 1, z: 1}
  m_Children:
  - {fileID: 197278001}
  - {fileID: 344233448}
  - {fileID: 586143135}
  - {fileID: 841649710}
  - {fileID: 444906262}
  - {fileID: 1553478624}
  - {fileID: 1241499317}
  m_Father: {fileID: 0}
  m_RootOrder: 1
  m_LocalEulerAnglesHint: {x: 0, y: 0, z: 0}
--- !u!114 &415221790
MonoBehaviour:
  m_ObjectHideFlags: 0
  m_CorrespondingSourceObject: {fileID: 0}
  m_PrefabInstance: {fileID: 0}
  m_PrefabAsset: {fileID: 0}
  m_GameObject: {fileID: 415221788}
  m_Enabled: 1
  m_EditorHideFlags: 0
  m_Script: {fileID: 11500000, guid: be1dd4ec9b1a4f446aec814ddfb3ebc1, type: 3}
  m_Name: 
  m_EditorClassIdentifier: 
  numTrees: 40
  grassDensity: 10
  range: 40
  numGoals: 1
  FruitTree: {fileID: 1964591886}
  GrassType1: {fileID: 5707813131339405077, guid: b995a96a7ca36d04b851e46870b5aadf,
    type: 3}
  GrassType2: {fileID: 3637134996410867462, guid: 9c6178fe943216540b276b975dafae16,
    type: 3}
  Goal: {fileID: 57529748}
  FruitTreeList: []
  GrassList: []
--- !u!1 &444906261
GameObject:
  m_ObjectHideFlags: 0
  m_CorrespondingSourceObject: {fileID: 0}
  m_PrefabInstance: {fileID: 0}
  m_PrefabAsset: {fileID: 0}
  serializedVersion: 6
  m_Component:
  - component: {fileID: 444906262}
  - component: {fileID: 444906267}
  - component: {fileID: 444906266}
  - component: {fileID: 444906265}
  - component: {fileID: 444906264}
  - component: {fileID: 444906263}
  m_Layer: 0
  m_Name: Floor
  m_TagString: Floor
  m_Icon: {fileID: 0}
  m_NavMeshLayer: 0
  m_StaticEditorFlags: 0
  m_IsActive: 1
--- !u!4 &444906262
Transform:
  m_ObjectHideFlags: 0
  m_CorrespondingSourceObject: {fileID: 0}
  m_PrefabInstance: {fileID: 0}
  m_PrefabAsset: {fileID: 0}
  m_GameObject: {fileID: 444906261}
  m_LocalRotation: {x: -0, y: -0, z: -0, w: 1}
  m_LocalPosition: {x: 0, y: 0, z: 0}
  m_LocalScale: {x: 10, y: 1, z: 10}
  m_Children: []
  m_Father: {fileID: 415221789}
  m_RootOrder: 4
  m_LocalEulerAnglesHint: {x: 0, y: 0, z: 0}
--- !u!54 &444906263
Rigidbody:
  m_ObjectHideFlags: 0
  m_CorrespondingSourceObject: {fileID: 0}
  m_PrefabInstance: {fileID: 0}
  m_PrefabAsset: {fileID: 0}
  m_GameObject: {fileID: 444906261}
  serializedVersion: 2
  m_Mass: 1
  m_Drag: 0
  m_AngularDrag: 0.05
  m_UseGravity: 0
  m_IsKinematic: 1
  m_Interpolate: 0
  m_Constraints: 0
  m_CollisionDetection: 0
--- !u!65 &444906264
BoxCollider:
  m_ObjectHideFlags: 0
  m_CorrespondingSourceObject: {fileID: 0}
  m_PrefabInstance: {fileID: 0}
  m_PrefabAsset: {fileID: 0}
  m_GameObject: {fileID: 444906261}
  m_Material: {fileID: 0}
  m_IsTrigger: 0
  m_Enabled: 0
  serializedVersion: 2
  m_Size: {x: 10, y: 2.220446e-16, z: 10}
  m_Center: {x: 0, y: 0, z: 0}
--- !u!64 &444906265
MeshCollider:
  m_ObjectHideFlags: 0
  m_CorrespondingSourceObject: {fileID: 0}
  m_PrefabInstance: {fileID: 0}
  m_PrefabAsset: {fileID: 0}
  m_GameObject: {fileID: 444906261}
  m_Material: {fileID: 0}
  m_IsTrigger: 0
  m_Enabled: 1
  serializedVersion: 3
  m_Convex: 0
  m_CookingOptions: 14
  m_Mesh: {fileID: 10209, guid: 0000000000000000e000000000000000, type: 0}
--- !u!23 &444906266
MeshRenderer:
  m_ObjectHideFlags: 0
  m_CorrespondingSourceObject: {fileID: 0}
  m_PrefabInstance: {fileID: 0}
  m_PrefabAsset: {fileID: 0}
  m_GameObject: {fileID: 444906261}
  m_Enabled: 1
  m_CastShadows: 1
  m_ReceiveShadows: 1
  m_DynamicOccludee: 1
  m_MotionVectors: 1
  m_LightProbeUsage: 1
  m_ReflectionProbeUsage: 1
  m_RenderingLayerMask: 1
  m_RendererPriority: 0
  m_Materials:
  - {fileID: 2100000, guid: 30b109735f593494999694cad5c60b17, type: 2}
  m_StaticBatchInfo:
    firstSubMesh: 0
    subMeshCount: 0
  m_StaticBatchRoot: {fileID: 0}
  m_ProbeAnchor: {fileID: 0}
  m_LightProbeVolumeOverride: {fileID: 0}
  m_ScaleInLightmap: 1
  m_PreserveUVs: 0
  m_IgnoreNormalsForChartDetection: 0
  m_ImportantGI: 0
  m_StitchLightmapSeams: 0
  m_SelectedEditorRenderState: 3
  m_MinimumChartSize: 4
  m_AutoUVMaxDistance: 0.5
  m_AutoUVMaxAngle: 89
  m_LightmapParameters: {fileID: 0}
  m_SortingLayerID: 0
  m_SortingLayer: 0
  m_SortingOrder: 0
--- !u!33 &444906267
MeshFilter:
  m_ObjectHideFlags: 0
  m_CorrespondingSourceObject: {fileID: 0}
  m_PrefabInstance: {fileID: 0}
  m_PrefabAsset: {fileID: 0}
  m_GameObject: {fileID: 444906261}
  m_Mesh: {fileID: 10209, guid: 0000000000000000e000000000000000, type: 0}
--- !u!1 &480693219
GameObject:
  m_ObjectHideFlags: 0
  m_CorrespondingSourceObject: {fileID: 0}
  m_PrefabInstance: {fileID: 0}
  m_PrefabAsset: {fileID: 0}
  serializedVersion: 6
  m_Component:
  - component: {fileID: 480693220}
  - component: {fileID: 480693223}
  - component: {fileID: 480693222}
  m_Layer: 0
  m_Name: Pupil
  m_TagString: Untagged
  m_Icon: {fileID: 0}
  m_NavMeshLayer: 0
  m_StaticEditorFlags: 0
  m_IsActive: 1
--- !u!4 &480693220
Transform:
  m_ObjectHideFlags: 0
  m_CorrespondingSourceObject: {fileID: 0}
  m_PrefabInstance: {fileID: 0}
  m_PrefabAsset: {fileID: 0}
  m_GameObject: {fileID: 480693219}
  m_LocalRotation: {x: -0, y: -0, z: -0, w: 1}
  m_LocalPosition: {x: -0.03, y: -0.077, z: 0.49}
  m_LocalScale: {x: 0.3333333, y: 0.25, z: 0.1}
  m_Children: []
  m_Father: {fileID: 2036742274}
  m_RootOrder: 0
  m_LocalEulerAnglesHint: {x: 0, y: 0, z: 0}
--- !u!23 &480693222
MeshRenderer:
  m_ObjectHideFlags: 0
  m_CorrespondingSourceObject: {fileID: 0}
  m_PrefabInstance: {fileID: 0}
  m_PrefabAsset: {fileID: 0}
  m_GameObject: {fileID: 480693219}
  m_Enabled: 1
  m_CastShadows: 1
  m_ReceiveShadows: 1
  m_DynamicOccludee: 1
  m_MotionVectors: 1
  m_LightProbeUsage: 1
  m_ReflectionProbeUsage: 1
  m_RenderingLayerMask: 1
  m_RendererPriority: 0
  m_Materials:
  - {fileID: 2100000, guid: 4b1346f7d308f0c4d966247a8bca21e3, type: 2}
  m_StaticBatchInfo:
    firstSubMesh: 0
    subMeshCount: 0
  m_StaticBatchRoot: {fileID: 0}
  m_ProbeAnchor: {fileID: 0}
  m_LightProbeVolumeOverride: {fileID: 0}
  m_ScaleInLightmap: 1
  m_PreserveUVs: 0
  m_IgnoreNormalsForChartDetection: 0
  m_ImportantGI: 0
  m_StitchLightmapSeams: 0
  m_SelectedEditorRenderState: 3
  m_MinimumChartSize: 4
  m_AutoUVMaxDistance: 0.5
  m_AutoUVMaxAngle: 89
  m_LightmapParameters: {fileID: 0}
  m_SortingLayerID: 0
  m_SortingLayer: 0
  m_SortingOrder: 0
--- !u!33 &480693223
MeshFilter:
  m_ObjectHideFlags: 0
  m_CorrespondingSourceObject: {fileID: 0}
  m_PrefabInstance: {fileID: 0}
  m_PrefabAsset: {fileID: 0}
  m_GameObject: {fileID: 480693219}
  m_Mesh: {fileID: 10207, guid: 0000000000000000e000000000000000, type: 0}
--- !u!1001 &537262196
PrefabInstance:
  m_ObjectHideFlags: 0
  serializedVersion: 2
  m_Modification:
    m_TransformParent: {fileID: 1553478624}
    m_Modifications:
    - target: {fileID: 1765881378657734, guid: e168f5d59d0657f44aea2a71d92ef39d, type: 3}
      propertyPath: m_Name
      value: rock4
      objectReference: {fileID: 0}
    - target: {fileID: 4485925678058368, guid: e168f5d59d0657f44aea2a71d92ef39d, type: 3}
      propertyPath: m_LocalPosition.x
      value: -35.3
      objectReference: {fileID: 0}
    - target: {fileID: 4485925678058368, guid: e168f5d59d0657f44aea2a71d92ef39d, type: 3}
      propertyPath: m_LocalPosition.y
      value: 1.4233571
      objectReference: {fileID: 0}
    - target: {fileID: 4485925678058368, guid: e168f5d59d0657f44aea2a71d92ef39d, type: 3}
      propertyPath: m_LocalPosition.z
      value: 22.1
      objectReference: {fileID: 0}
    - target: {fileID: 4485925678058368, guid: e168f5d59d0657f44aea2a71d92ef39d, type: 3}
      propertyPath: m_LocalRotation.x
      value: -0
      objectReference: {fileID: 0}
    - target: {fileID: 4485925678058368, guid: e168f5d59d0657f44aea2a71d92ef39d, type: 3}
      propertyPath: m_LocalRotation.y
      value: -0
      objectReference: {fileID: 0}
    - target: {fileID: 4485925678058368, guid: e168f5d59d0657f44aea2a71d92ef39d, type: 3}
      propertyPath: m_LocalRotation.z
      value: -0
      objectReference: {fileID: 0}
    - target: {fileID: 4485925678058368, guid: e168f5d59d0657f44aea2a71d92ef39d, type: 3}
      propertyPath: m_LocalRotation.w
      value: 1
      objectReference: {fileID: 0}
    - target: {fileID: 4485925678058368, guid: e168f5d59d0657f44aea2a71d92ef39d, type: 3}
      propertyPath: m_RootOrder
      value: 7
      objectReference: {fileID: 0}
    - target: {fileID: 4485925678058368, guid: e168f5d59d0657f44aea2a71d92ef39d, type: 3}
      propertyPath: m_LocalEulerAnglesHint.x
      value: 0
      objectReference: {fileID: 0}
    - target: {fileID: 4485925678058368, guid: e168f5d59d0657f44aea2a71d92ef39d, type: 3}
      propertyPath: m_LocalEulerAnglesHint.y
      value: 0
      objectReference: {fileID: 0}
    - target: {fileID: 4485925678058368, guid: e168f5d59d0657f44aea2a71d92ef39d, type: 3}
      propertyPath: m_LocalEulerAnglesHint.z
      value: 0
      objectReference: {fileID: 0}
    - target: {fileID: 4485925678058368, guid: e168f5d59d0657f44aea2a71d92ef39d, type: 3}
      propertyPath: m_LocalScale.x
      value: 3
      objectReference: {fileID: 0}
    - target: {fileID: 4485925678058368, guid: e168f5d59d0657f44aea2a71d92ef39d, type: 3}
      propertyPath: m_LocalScale.y
      value: 3
      objectReference: {fileID: 0}
    - target: {fileID: 4485925678058368, guid: e168f5d59d0657f44aea2a71d92ef39d, type: 3}
      propertyPath: m_LocalScale.z
      value: 3
      objectReference: {fileID: 0}
    m_RemovedComponents: []
  m_SourcePrefab: {fileID: 100100000, guid: e168f5d59d0657f44aea2a71d92ef39d, type: 3}
--- !u!4 &537262197 stripped
Transform:
  m_CorrespondingSourceObject: {fileID: 4485925678058368, guid: e168f5d59d0657f44aea2a71d92ef39d,
    type: 3}
  m_PrefabInstance: {fileID: 537262196}
  m_PrefabAsset: {fileID: 0}
--- !u!1 &558568170
GameObject:
  m_ObjectHideFlags: 0
  m_CorrespondingSourceObject: {fileID: 0}
  m_PrefabInstance: {fileID: 0}
  m_PrefabAsset: {fileID: 0}
  serializedVersion: 6
  m_Component:
  - component: {fileID: 558568171}
  - component: {fileID: 558568174}
  - component: {fileID: 558568173}
  m_Layer: 0
  m_Name: RightEye
  m_TagString: Untagged
  m_Icon: {fileID: 0}
  m_NavMeshLayer: 0
  m_StaticEditorFlags: 0
  m_IsActive: 1
--- !u!4 &558568171
Transform:
  m_ObjectHideFlags: 0
  m_CorrespondingSourceObject: {fileID: 0}
  m_PrefabInstance: {fileID: 0}
  m_PrefabAsset: {fileID: 0}
  m_GameObject: {fileID: 558568170}
  m_LocalRotation: {x: -0, y: -0, z: -0, w: 1}
  m_LocalPosition: {x: -0.15799999, y: 0.099999964, z: 0.5}
  m_LocalScale: {x: 0.29999998, y: 0.39999998, z: 0.099999994}
  m_Children:
  - {fileID: 1609059474}
  m_Father: {fileID: 586143135}
  m_RootOrder: 2
  m_LocalEulerAnglesHint: {x: 0, y: 0, z: 0}
--- !u!23 &558568173
MeshRenderer:
  m_ObjectHideFlags: 0
  m_CorrespondingSourceObject: {fileID: 0}
  m_PrefabInstance: {fileID: 0}
  m_PrefabAsset: {fileID: 0}
  m_GameObject: {fileID: 558568170}
  m_Enabled: 1
  m_CastShadows: 1
  m_ReceiveShadows: 1
  m_DynamicOccludee: 1
  m_MotionVectors: 1
  m_LightProbeUsage: 1
  m_ReflectionProbeUsage: 1
  m_RenderingLayerMask: 1
  m_RendererPriority: 0
  m_Materials:
  - {fileID: 10303, guid: 0000000000000000f000000000000000, type: 0}
  m_StaticBatchInfo:
    firstSubMesh: 0
    subMeshCount: 0
  m_StaticBatchRoot: {fileID: 0}
  m_ProbeAnchor: {fileID: 0}
  m_LightProbeVolumeOverride: {fileID: 0}
  m_ScaleInLightmap: 1
  m_PreserveUVs: 0
  m_IgnoreNormalsForChartDetection: 0
  m_ImportantGI: 0
  m_StitchLightmapSeams: 0
  m_SelectedEditorRenderState: 3
  m_MinimumChartSize: 4
  m_AutoUVMaxDistance: 0.5
  m_AutoUVMaxAngle: 89
  m_LightmapParameters: {fileID: 0}
  m_SortingLayerID: 0
  m_SortingLayer: 0
  m_SortingOrder: 0
--- !u!33 &558568174
MeshFilter:
  m_ObjectHideFlags: 0
  m_CorrespondingSourceObject: {fileID: 0}
  m_PrefabInstance: {fileID: 0}
  m_PrefabAsset: {fileID: 0}
  m_GameObject: {fileID: 558568170}
  m_Mesh: {fileID: 10207, guid: 0000000000000000e000000000000000, type: 0}
--- !u!1001 &580348424
PrefabInstance:
  m_ObjectHideFlags: 0
  serializedVersion: 2
  m_Modification:
    m_TransformParent: {fileID: 841649710}
    m_Modifications:
    - target: {fileID: 100000, guid: 53973ba043b7ca94e80c89239cebc8cf, type: 3}
      propertyPath: m_Name
      value: PTK_Ramp_Small
      objectReference: {fileID: 0}
    - target: {fileID: 100000, guid: 53973ba043b7ca94e80c89239cebc8cf, type: 3}
      propertyPath: m_TagString
      value: Rampe
      objectReference: {fileID: 0}
    - target: {fileID: 400000, guid: 53973ba043b7ca94e80c89239cebc8cf, type: 3}
      propertyPath: m_LocalPosition.x
      value: 4.02
      objectReference: {fileID: 0}
    - target: {fileID: 400000, guid: 53973ba043b7ca94e80c89239cebc8cf, type: 3}
      propertyPath: m_LocalPosition.y
      value: 1
      objectReference: {fileID: 0}
    - target: {fileID: 400000, guid: 53973ba043b7ca94e80c89239cebc8cf, type: 3}
      propertyPath: m_LocalPosition.z
      value: -53.6
      objectReference: {fileID: 0}
    - target: {fileID: 400000, guid: 53973ba043b7ca94e80c89239cebc8cf, type: 3}
      propertyPath: m_LocalRotation.x
      value: -0
      objectReference: {fileID: 0}
    - target: {fileID: 400000, guid: 53973ba043b7ca94e80c89239cebc8cf, type: 3}
      propertyPath: m_LocalRotation.y
      value: 0.7071068
      objectReference: {fileID: 0}
    - target: {fileID: 400000, guid: 53973ba043b7ca94e80c89239cebc8cf, type: 3}
      propertyPath: m_LocalRotation.z
      value: -0
      objectReference: {fileID: 0}
    - target: {fileID: 400000, guid: 53973ba043b7ca94e80c89239cebc8cf, type: 3}
      propertyPath: m_LocalRotation.w
      value: 0.7071068
      objectReference: {fileID: 0}
    - target: {fileID: 400000, guid: 53973ba043b7ca94e80c89239cebc8cf, type: 3}
      propertyPath: m_RootOrder
      value: 2
      objectReference: {fileID: 0}
    - target: {fileID: 400000, guid: 53973ba043b7ca94e80c89239cebc8cf, type: 3}
      propertyPath: m_LocalEulerAnglesHint.x
      value: 0
      objectReference: {fileID: 0}
    - target: {fileID: 400000, guid: 53973ba043b7ca94e80c89239cebc8cf, type: 3}
      propertyPath: m_LocalEulerAnglesHint.y
      value: 90
      objectReference: {fileID: 0}
    - target: {fileID: 400000, guid: 53973ba043b7ca94e80c89239cebc8cf, type: 3}
      propertyPath: m_LocalEulerAnglesHint.z
      value: 0
      objectReference: {fileID: 0}
    - target: {fileID: 400000, guid: 53973ba043b7ca94e80c89239cebc8cf, type: 3}
      propertyPath: m_LocalScale.y
      value: 1
      objectReference: {fileID: 0}
    - target: {fileID: 400000, guid: 53973ba043b7ca94e80c89239cebc8cf, type: 3}
      propertyPath: m_LocalScale.z
      value: 1
      objectReference: {fileID: 0}
    - target: {fileID: 400000, guid: 53973ba043b7ca94e80c89239cebc8cf, type: 3}
      propertyPath: m_LocalScale.x
      value: 7
      objectReference: {fileID: 0}
    - target: {fileID: 2300000, guid: 53973ba043b7ca94e80c89239cebc8cf, type: 3}
      propertyPath: m_Materials.Array.data[0]
      value: 
      objectReference: {fileID: 2100000, guid: 8974407563f5678498fd67171fb73c8b, type: 2}
    m_RemovedComponents: []
  m_SourcePrefab: {fileID: 100100000, guid: 53973ba043b7ca94e80c89239cebc8cf, type: 3}
--- !u!4 &580348425 stripped
Transform:
  m_CorrespondingSourceObject: {fileID: 400000, guid: 53973ba043b7ca94e80c89239cebc8cf,
    type: 3}
  m_PrefabInstance: {fileID: 580348424}
  m_PrefabAsset: {fileID: 0}
--- !u!1 &586143134
GameObject:
  m_ObjectHideFlags: 0
  m_CorrespondingSourceObject: {fileID: 0}
  m_PrefabInstance: {fileID: 0}
  m_PrefabAsset: {fileID: 0}
  serializedVersion: 6
  m_Component:
  - component: {fileID: 586143135}
  - component: {fileID: 586143138}
  - component: {fileID: 586143137}
  - component: {fileID: 586143136}
  - component: {fileID: 586143141}
  - component: {fileID: 586143143}
  - component: {fileID: 586143140}
  - component: {fileID: 586143142}
  - component: {fileID: 586143144}
  m_Layer: 0
  m_Name: CollectorAgent
  m_TagString: Agent
  m_Icon: {fileID: 0}
  m_NavMeshLayer: 0
  m_StaticEditorFlags: 0
  m_IsActive: 1
--- !u!4 &586143135
Transform:
  m_ObjectHideFlags: 0
  m_CorrespondingSourceObject: {fileID: 0}
  m_PrefabInstance: {fileID: 0}
  m_PrefabAsset: {fileID: 0}
  m_GameObject: {fileID: 586143134}
  m_LocalRotation: {x: -0, y: -0, z: -0, w: 1}
  m_LocalPosition: {x: 5, y: 0.6, z: 4.4}
  m_LocalScale: {x: 1, y: 1, z: 1}
  m_Children:
  - {fileID: 648110911}
  - {fileID: 1689835785}
  - {fileID: 558568171}
  - {fileID: 2036742274}
  - {fileID: 1706555501}
  m_Father: {fileID: 415221789}
  m_RootOrder: 2
  m_LocalEulerAnglesHint: {x: 0, y: 0, z: 0}
--- !u!65 &586143136
BoxCollider:
  m_ObjectHideFlags: 0
  m_CorrespondingSourceObject: {fileID: 0}
  m_PrefabInstance: {fileID: 0}
  m_PrefabAsset: {fileID: 0}
  m_GameObject: {fileID: 586143134}
  m_Material: {fileID: 0}
  m_IsTrigger: 0
  m_Enabled: 1
  serializedVersion: 2
  m_Size: {x: 1, y: 1, z: 1}
  m_Center: {x: 0, y: 0, z: 0}
--- !u!23 &586143137
MeshRenderer:
  m_ObjectHideFlags: 0
  m_CorrespondingSourceObject: {fileID: 0}
  m_PrefabInstance: {fileID: 0}
  m_PrefabAsset: {fileID: 0}
  m_GameObject: {fileID: 586143134}
  m_Enabled: 1
  m_CastShadows: 1
  m_ReceiveShadows: 1
  m_DynamicOccludee: 1
  m_MotionVectors: 1
  m_LightProbeUsage: 1
  m_ReflectionProbeUsage: 1
  m_RenderingLayerMask: 1
  m_RendererPriority: 0
  m_Materials:
  - {fileID: 2100000, guid: 9f20d20cdb122ad46a77f86051267e01, type: 2}
  m_StaticBatchInfo:
    firstSubMesh: 0
    subMeshCount: 0
  m_StaticBatchRoot: {fileID: 0}
  m_ProbeAnchor: {fileID: 0}
  m_LightProbeVolumeOverride: {fileID: 0}
  m_ScaleInLightmap: 1
  m_PreserveUVs: 0
  m_IgnoreNormalsForChartDetection: 0
  m_ImportantGI: 0
  m_StitchLightmapSeams: 0
  m_SelectedEditorRenderState: 3
  m_MinimumChartSize: 4
  m_AutoUVMaxDistance: 0.5
  m_AutoUVMaxAngle: 89
  m_LightmapParameters: {fileID: 0}
  m_SortingLayerID: 0
  m_SortingLayer: 0
  m_SortingOrder: 0
--- !u!33 &586143138
MeshFilter:
  m_ObjectHideFlags: 0
  m_CorrespondingSourceObject: {fileID: 0}
  m_PrefabInstance: {fileID: 0}
  m_PrefabAsset: {fileID: 0}
  m_GameObject: {fileID: 586143134}
  m_Mesh: {fileID: 10202, guid: 0000000000000000e000000000000000, type: 0}
--- !u!54 &586143140
Rigidbody:
  m_ObjectHideFlags: 0
  m_CorrespondingSourceObject: {fileID: 0}
  m_PrefabInstance: {fileID: 0}
  m_PrefabAsset: {fileID: 0}
  m_GameObject: {fileID: 586143134}
  serializedVersion: 2
  m_Mass: 1
  m_Drag: 0
  m_AngularDrag: 0.05
  m_UseGravity: 1
  m_IsKinematic: 0
  m_Interpolate: 0
  m_Constraints: 80
  m_CollisionDetection: 1
--- !u!114 &586143141
MonoBehaviour:
  m_ObjectHideFlags: 0
  m_CorrespondingSourceObject: {fileID: 0}
  m_PrefabInstance: {fileID: 0}
  m_PrefabAsset: {fileID: 0}
  m_GameObject: {fileID: 586143134}
  m_Enabled: 1
  m_EditorHideFlags: 0
  m_Script: {fileID: 11500000, guid: 340e4a8e7431242288d78fbf62d389f0, type: 3}
  m_Name: 
  m_EditorClassIdentifier: 
--- !u!114 &586143142
MonoBehaviour:
  m_ObjectHideFlags: 0
  m_CorrespondingSourceObject: {fileID: 0}
  m_PrefabInstance: {fileID: 0}
  m_PrefabAsset: {fileID: 0}
  m_GameObject: {fileID: 586143134}
  m_Enabled: 1
  m_EditorHideFlags: 0
  m_Script: {fileID: 11500000, guid: 5d1c4e0b1822b495aa52bc52839ecb30, type: 3}
  m_Name: 
  m_EditorClassIdentifier: 
  m_BrainParameters:
    VectorObservationSize: 8
    NumStackedVectorObservations: 1
    VectorActionSize: 03000000
    VectorActionDescriptions: []
    VectorActionSpaceType: 1
  m_Model: {fileID: 0}
  m_InferenceDevice: 0
  m_BehaviorType: 1
  m_BehaviorName: AppleAgent
  TeamId: 0
  m_UseChildSensors: 1
--- !u!114 &586143143
MonoBehaviour:
  m_ObjectHideFlags: 0
  m_CorrespondingSourceObject: {fileID: 0}
  m_PrefabInstance: {fileID: 0}
  m_PrefabAsset: {fileID: 0}
  m_GameObject: {fileID: 586143134}
  m_Enabled: 1
  m_EditorHideFlags: 0
  m_Script: {fileID: 11500000, guid: 6ee7a555b7acb8e48a933a507bd0b492, type: 3}
  m_Name: 
  m_EditorClassIdentifier: 
  agentParameters:
    maxStep: 0
  hasUpgradedFromAgentParameters: 1
  MaxStep: 5000
  moveSpeed: 1
  rotationDegree: 2
  korb: 0
  korbMax: 10
  collectedApple: 0
  collectedBadApple: 0
  collectedRottenApple: 0
  moveToGoal: 3
  Target: {fileID: 703655306}
  appleCollectorArea: {fileID: 415221790}
  AppleCreator: {fileID: 703655305}
  VisualApple: {fileID: 8188518272369140141, guid: abd3d8e5c3dc64a028a534d1c23fbdb1,
    type: 3}
  VisualBadApple: {fileID: 8470856870357660202, guid: d6cad603957094ea2944170886eaad33,
    type: 3}
  VisualRottenApple: {fileID: 8381890632152492866, guid: 867926b7be9d845a6978d00bd2f4b49a,
    type: 3}
  AgentMaterial: {fileID: 2100000, guid: 9f20d20cdb122ad46a77f86051267e01, type: 2}
  FullKorb: {fileID: 2100000, guid: 9dd739d38b4c942faa40ebcfa6a22580, type: 2}
  respawnTime: 120
  respawnTimer: 120
  seconds: 0
  distanceToTarget: 0
  naeher: 0
  grounded: 0
--- !u!114 &586143144
MonoBehaviour:
  m_ObjectHideFlags: 0
  m_CorrespondingSourceObject: {fileID: 0}
  m_PrefabInstance: {fileID: 0}
  m_PrefabAsset: {fileID: 0}
  m_GameObject: {fileID: 586143134}
  m_Enabled: 1
  m_EditorHideFlags: 0
  m_Script: {fileID: 11500000, guid: 3a5c9d521e5ef4759a8246a07d52221e, type: 3}
  m_Name: 
  m_EditorClassIdentifier: 
  DecisionPeriod: 5
  TakeActionsBetweenDecisions: 1
--- !u!1 &648110908
GameObject:
  m_ObjectHideFlags: 0
  m_CorrespondingSourceObject: {fileID: 0}
  m_PrefabInstance: {fileID: 0}
  m_PrefabAsset: {fileID: 0}
  serializedVersion: 6
  m_Component:
  - component: {fileID: 648110911}
  - component: {fileID: 648110910}
  - component: {fileID: 648110912}
  - component: {fileID: 648110909}
  m_Layer: 0
  m_Name: Main Camera
  m_TagString: MainCamera
  m_Icon: {fileID: 0}
  m_NavMeshLayer: 0
  m_StaticEditorFlags: 0
  m_IsActive: 1
--- !u!81 &648110909
AudioListener:
  m_ObjectHideFlags: 0
  m_CorrespondingSourceObject: {fileID: 0}
  m_PrefabInstance: {fileID: 0}
  m_PrefabAsset: {fileID: 0}
  m_GameObject: {fileID: 648110908}
  m_Enabled: 1
--- !u!20 &648110910
Camera:
  m_ObjectHideFlags: 0
  m_CorrespondingSourceObject: {fileID: 0}
  m_PrefabInstance: {fileID: 0}
  m_PrefabAsset: {fileID: 0}
  m_GameObject: {fileID: 648110908}
  m_Enabled: 1
  serializedVersion: 2
  m_ClearFlags: 1
  m_BackGroundColor: {r: 0.19215687, g: 0.3019608, b: 0.4745098, a: 0}
  m_projectionMatrixMode: 1
  m_SensorSize: {x: 36, y: 24}
  m_LensShift: {x: 0, y: 0}
  m_GateFitMode: 2
  m_FocalLength: 50
  m_NormalizedViewPortRect:
    serializedVersion: 2
    x: 0
    y: 0
    width: 1
    height: 1
  near clip plane: 0.3
  far clip plane: 1000
  field of view: 60
  orthographic: 0
  orthographic size: 5
  m_Depth: -1
  m_CullingMask:
    serializedVersion: 2
    m_Bits: 4294967295
  m_RenderingPath: -1
  m_TargetTexture: {fileID: 0}
  m_TargetDisplay: 0
  m_TargetEye: 3
  m_HDR: 1
  m_AllowMSAA: 1
  m_AllowDynamicResolution: 0
  m_ForceIntoRT: 0
  m_OcclusionCulling: 1
  m_StereoConvergence: 10
  m_StereoSeparation: 0.022
--- !u!4 &648110911
Transform:
  m_ObjectHideFlags: 0
  m_CorrespondingSourceObject: {fileID: 0}
  m_PrefabInstance: {fileID: 0}
  m_PrefabAsset: {fileID: 0}
  m_GameObject: {fileID: 648110908}
  m_LocalRotation: {x: 0.12867661, y: -0, z: -0, w: 0.9916866}
  m_LocalPosition: {x: 0, y: 2.5, z: -4}
  m_LocalScale: {x: 1, y: 1, z: 1}
  m_Children: []
  m_Father: {fileID: 586143135}
  m_RootOrder: 0
  m_LocalEulerAnglesHint: {x: 14.786, y: 0, z: 0}
--- !u!114 &648110912
MonoBehaviour:
  m_ObjectHideFlags: 0
  m_CorrespondingSourceObject: {fileID: 0}
  m_PrefabInstance: {fileID: 0}
  m_PrefabAsset: {fileID: 0}
  m_GameObject: {fileID: 648110908}
  m_Enabled: 1
  m_EditorHideFlags: 0
  m_Script: {fileID: 11500000, guid: 0c5684451ca57304c98d06464da3687a, type: 3}
  m_Name: 
  m_EditorClassIdentifier: 
  playerObject: {fileID: 586143134}
  rotationSpeed: 0
--- !u!1 &703655305
GameObject:
  m_ObjectHideFlags: 0
  m_CorrespondingSourceObject: {fileID: 0}
  m_PrefabInstance: {fileID: 0}
  m_PrefabAsset: {fileID: 0}
  serializedVersion: 6
  m_Component:
  - component: {fileID: 703655306}
  - component: {fileID: 703655307}
  m_Layer: 0
  m_Name: AppleCreator1
  m_TagString: AppleCreator1
  m_Icon: {fileID: 0}
  m_NavMeshLayer: 0
  m_StaticEditorFlags: 0
  m_IsActive: 1
--- !u!4 &703655306
Transform:
  m_ObjectHideFlags: 0
  m_CorrespondingSourceObject: {fileID: 0}
  m_PrefabInstance: {fileID: 0}
  m_PrefabAsset: {fileID: 0}
  m_GameObject: {fileID: 703655305}
  m_LocalRotation: {x: -0.000000029802322, y: -0.7071068, z: 0.000000014901161, w: 0.7071068}
  m_LocalPosition: {x: 0.03, y: 0.69, z: 0.1}
  m_LocalScale: {x: 1.3333348, y: 2.5, z: 2.3846195}
  m_Children: []
  m_Father: {fileID: 57529747}
  m_RootOrder: 0
  m_LocalEulerAnglesHint: {x: 0, y: 0, z: 0}
--- !u!64 &703655307
MeshCollider:
  m_ObjectHideFlags: 0
  m_CorrespondingSourceObject: {fileID: 0}
  m_PrefabInstance: {fileID: 0}
  m_PrefabAsset: {fileID: 0}
  m_GameObject: {fileID: 703655305}
  m_Material: {fileID: 0}
  m_IsTrigger: 0
  m_Enabled: 1
  serializedVersion: 3
  m_Convex: 0
  m_CookingOptions: 14
  m_Mesh: {fileID: 0}
--- !u!1 &817954142 stripped
GameObject:
  m_CorrespondingSourceObject: {fileID: 8381890632152492866, guid: 867926b7be9d845a6978d00bd2f4b49a,
    type: 3}
  m_PrefabInstance: {fileID: 6515622204839562092}
  m_PrefabAsset: {fileID: 0}
--- !u!1 &841649709
GameObject:
  m_ObjectHideFlags: 0
  m_CorrespondingSourceObject: {fileID: 0}
  m_PrefabInstance: {fileID: 0}
  m_PrefabAsset: {fileID: 0}
  serializedVersion: 6
  m_Component:
  - component: {fileID: 841649710}
  m_Layer: 0
  m_Name: RampeUndKorb
  m_TagString: Untagged
  m_Icon: {fileID: 0}
  m_NavMeshLayer: 0
  m_StaticEditorFlags: 0
  m_IsActive: 1
--- !u!4 &841649710
Transform:
  m_ObjectHideFlags: 0
  m_CorrespondingSourceObject: {fileID: 0}
  m_PrefabInstance: {fileID: 0}
  m_PrefabAsset: {fileID: 0}
  m_GameObject: {fileID: 841649709}
  m_LocalRotation: {x: -0, y: -0, z: -0, w: 1}
  m_LocalPosition: {x: 0, y: -2, z: 41.32}
  m_LocalScale: {x: 1, y: 1, z: 1}
  m_Children:
  - {fileID: 57529747}
  - {fileID: 1320968527}
  - {fileID: 580348425}
  - {fileID: 2090801474}
  m_Father: {fileID: 415221789}
  m_RootOrder: 3
  m_LocalEulerAnglesHint: {x: 0, y: 0, z: 0}
--- !u!1001 &876199931
PrefabInstance:
  m_ObjectHideFlags: 0
  serializedVersion: 2
  m_Modification:
    m_TransformParent: {fileID: 1553478624}
    m_Modifications:
    - target: {fileID: 1986631312122830, guid: 10d34ca8daa6caf458bcf9746c06a126, type: 3}
      propertyPath: m_Name
      value: rock10
      objectReference: {fileID: 0}
    - target: {fileID: 4411197325302968, guid: 10d34ca8daa6caf458bcf9746c06a126, type: 3}
      propertyPath: m_LocalPosition.x
      value: 40.6
      objectReference: {fileID: 0}
    - target: {fileID: 4411197325302968, guid: 10d34ca8daa6caf458bcf9746c06a126, type: 3}
      propertyPath: m_LocalPosition.y
      value: 1
      objectReference: {fileID: 0}
    - target: {fileID: 4411197325302968, guid: 10d34ca8daa6caf458bcf9746c06a126, type: 3}
      propertyPath: m_LocalPosition.z
      value: 46
      objectReference: {fileID: 0}
    - target: {fileID: 4411197325302968, guid: 10d34ca8daa6caf458bcf9746c06a126, type: 3}
      propertyPath: m_LocalRotation.x
      value: -0
      objectReference: {fileID: 0}
    - target: {fileID: 4411197325302968, guid: 10d34ca8daa6caf458bcf9746c06a126, type: 3}
      propertyPath: m_LocalRotation.y
      value: -0
      objectReference: {fileID: 0}
    - target: {fileID: 4411197325302968, guid: 10d34ca8daa6caf458bcf9746c06a126, type: 3}
      propertyPath: m_LocalRotation.z
      value: -0
      objectReference: {fileID: 0}
    - target: {fileID: 4411197325302968, guid: 10d34ca8daa6caf458bcf9746c06a126, type: 3}
      propertyPath: m_LocalRotation.w
      value: 1
      objectReference: {fileID: 0}
    - target: {fileID: 4411197325302968, guid: 10d34ca8daa6caf458bcf9746c06a126, type: 3}
      propertyPath: m_RootOrder
      value: 2
      objectReference: {fileID: 0}
    - target: {fileID: 4411197325302968, guid: 10d34ca8daa6caf458bcf9746c06a126, type: 3}
      propertyPath: m_LocalEulerAnglesHint.x
      value: 0
      objectReference: {fileID: 0}
    - target: {fileID: 4411197325302968, guid: 10d34ca8daa6caf458bcf9746c06a126, type: 3}
      propertyPath: m_LocalEulerAnglesHint.y
      value: 0
      objectReference: {fileID: 0}
    - target: {fileID: 4411197325302968, guid: 10d34ca8daa6caf458bcf9746c06a126, type: 3}
      propertyPath: m_LocalEulerAnglesHint.z
      value: 0
      objectReference: {fileID: 0}
    - target: {fileID: 4411197325302968, guid: 10d34ca8daa6caf458bcf9746c06a126, type: 3}
      propertyPath: m_LocalScale.x
      value: 4
      objectReference: {fileID: 0}
    - target: {fileID: 4411197325302968, guid: 10d34ca8daa6caf458bcf9746c06a126, type: 3}
      propertyPath: m_LocalScale.y
      value: 4
      objectReference: {fileID: 0}
    - target: {fileID: 4411197325302968, guid: 10d34ca8daa6caf458bcf9746c06a126, type: 3}
      propertyPath: m_LocalScale.z
      value: 4
      objectReference: {fileID: 0}
    m_RemovedComponents:
    - {fileID: 1045202977, guid: 10d34ca8daa6caf458bcf9746c06a126, type: 3}
  m_SourcePrefab: {fileID: 100100000, guid: 10d34ca8daa6caf458bcf9746c06a126, type: 3}
--- !u!4 &876199932 stripped
Transform:
  m_CorrespondingSourceObject: {fileID: 4411197325302968, guid: 10d34ca8daa6caf458bcf9746c06a126,
    type: 3}
  m_PrefabInstance: {fileID: 876199931}
  m_PrefabAsset: {fileID: 0}
--- !u!1 &1045202976 stripped
GameObject:
  m_CorrespondingSourceObject: {fileID: 1986631312122830, guid: 10d34ca8daa6caf458bcf9746c06a126,
    type: 3}
  m_PrefabInstance: {fileID: 876199931}
  m_PrefabAsset: {fileID: 0}
--- !u!64 &1045202977
MeshCollider:
  m_ObjectHideFlags: 0
  m_CorrespondingSourceObject: {fileID: 0}
  m_PrefabInstance: {fileID: 0}
  m_PrefabAsset: {fileID: 0}
  m_GameObject: {fileID: 1045202976}
  m_Material: {fileID: 0}
  m_IsTrigger: 0
  m_Enabled: 1
  serializedVersion: 3
  m_Convex: 0
  m_CookingOptions: 14
  m_Mesh: {fileID: 4300000, guid: b0b387826fc27f044a7e41586ef892fa, type: 3}
--- !u!1 &1241499316
GameObject:
  m_ObjectHideFlags: 0
  m_CorrespondingSourceObject: {fileID: 0}
  m_PrefabInstance: {fileID: 0}
  m_PrefabAsset: {fileID: 0}
  serializedVersion: 6
  m_Component:
  - component: {fileID: 1241499317}
  m_Layer: 0
  m_Name: Trees
  m_TagString: Untagged
  m_Icon: {fileID: 0}
  m_NavMeshLayer: 0
  m_StaticEditorFlags: 0
  m_IsActive: 1
--- !u!4 &1241499317
Transform:
  m_ObjectHideFlags: 0
  m_CorrespondingSourceObject: {fileID: 0}
  m_PrefabInstance: {fileID: 0}
  m_PrefabAsset: {fileID: 0}
  m_GameObject: {fileID: 1241499316}
  m_LocalRotation: {x: -0, y: -0, z: -0, w: 1}
  m_LocalPosition: {x: 0, y: -1, z: 0}
  m_LocalScale: {x: 1, y: 1, z: 1}
  m_Children:
  - {fileID: 1964591887}
  m_Father: {fileID: 415221789}
  m_RootOrder: 6
  m_LocalEulerAnglesHint: {x: 0, y: 0, z: 0}
--- !u!1001 &1320968526
PrefabInstance:
  m_ObjectHideFlags: 0
  serializedVersion: 2
  m_Modification:
    m_TransformParent: {fileID: 841649710}
    m_Modifications:
    - target: {fileID: 100000, guid: 53973ba043b7ca94e80c89239cebc8cf, type: 3}
      propertyPath: m_Name
      value: PTK_Ramp_Small
      objectReference: {fileID: 0}
    - target: {fileID: 100000, guid: 53973ba043b7ca94e80c89239cebc8cf, type: 3}
      propertyPath: m_TagString
      value: Rampe
      objectReference: {fileID: 0}
    - target: {fileID: 400000, guid: 53973ba043b7ca94e80c89239cebc8cf, type: 3}
      propertyPath: m_LocalPosition.x
      value: 10.98
      objectReference: {fileID: 0}
    - target: {fileID: 400000, guid: 53973ba043b7ca94e80c89239cebc8cf, type: 3}
      propertyPath: m_LocalPosition.y
      value: 1
      objectReference: {fileID: 0}
    - target: {fileID: 400000, guid: 53973ba043b7ca94e80c89239cebc8cf, type: 3}
      propertyPath: m_LocalPosition.z
      value: -53.6
      objectReference: {fileID: 0}
    - target: {fileID: 400000, guid: 53973ba043b7ca94e80c89239cebc8cf, type: 3}
      propertyPath: m_LocalRotation.x
      value: 0
      objectReference: {fileID: 0}
    - target: {fileID: 400000, guid: 53973ba043b7ca94e80c89239cebc8cf, type: 3}
      propertyPath: m_LocalRotation.y
      value: -0.7071068
      objectReference: {fileID: 0}
    - target: {fileID: 400000, guid: 53973ba043b7ca94e80c89239cebc8cf, type: 3}
      propertyPath: m_LocalRotation.z
      value: 0
      objectReference: {fileID: 0}
    - target: {fileID: 400000, guid: 53973ba043b7ca94e80c89239cebc8cf, type: 3}
      propertyPath: m_LocalRotation.w
      value: 0.7071068
      objectReference: {fileID: 0}
    - target: {fileID: 400000, guid: 53973ba043b7ca94e80c89239cebc8cf, type: 3}
      propertyPath: m_RootOrder
      value: 1
      objectReference: {fileID: 0}
    - target: {fileID: 400000, guid: 53973ba043b7ca94e80c89239cebc8cf, type: 3}
      propertyPath: m_LocalEulerAnglesHint.x
      value: 0
      objectReference: {fileID: 0}
    - target: {fileID: 400000, guid: 53973ba043b7ca94e80c89239cebc8cf, type: 3}
      propertyPath: m_LocalEulerAnglesHint.y
      value: -90
      objectReference: {fileID: 0}
    - target: {fileID: 400000, guid: 53973ba043b7ca94e80c89239cebc8cf, type: 3}
      propertyPath: m_LocalEulerAnglesHint.z
      value: 0
      objectReference: {fileID: 0}
    - target: {fileID: 400000, guid: 53973ba043b7ca94e80c89239cebc8cf, type: 3}
      propertyPath: m_LocalScale.y
      value: 1
      objectReference: {fileID: 0}
    - target: {fileID: 400000, guid: 53973ba043b7ca94e80c89239cebc8cf, type: 3}
      propertyPath: m_LocalScale.z
      value: 1
      objectReference: {fileID: 0}
    - target: {fileID: 400000, guid: 53973ba043b7ca94e80c89239cebc8cf, type: 3}
      propertyPath: m_LocalScale.x
      value: 7
      objectReference: {fileID: 0}
    - target: {fileID: 2300000, guid: 53973ba043b7ca94e80c89239cebc8cf, type: 3}
      propertyPath: m_Materials.Array.data[0]
      value: 
      objectReference: {fileID: 2100000, guid: 8974407563f5678498fd67171fb73c8b, type: 2}
    m_RemovedComponents: []
  m_SourcePrefab: {fileID: 100100000, guid: 53973ba043b7ca94e80c89239cebc8cf, type: 3}
--- !u!4 &1320968527 stripped
Transform:
  m_CorrespondingSourceObject: {fileID: 400000, guid: 53973ba043b7ca94e80c89239cebc8cf,
    type: 3}
  m_PrefabInstance: {fileID: 1320968526}
  m_PrefabAsset: {fileID: 0}
--- !u!1 &1368433385
GameObject:
  m_ObjectHideFlags: 0
  m_CorrespondingSourceObject: {fileID: 0}
  m_PrefabInstance: {fileID: 0}
  m_PrefabAsset: {fileID: 0}
  serializedVersion: 6
  m_Component:
  - component: {fileID: 1368433387}
  - component: {fileID: 1368433386}
  m_Layer: 0
  m_Name: Directional Light
  m_TagString: Untagged
  m_Icon: {fileID: 0}
  m_NavMeshLayer: 0
  m_StaticEditorFlags: 0
  m_IsActive: 1
--- !u!108 &1368433386
Light:
  m_ObjectHideFlags: 0
  m_CorrespondingSourceObject: {fileID: 0}
  m_PrefabInstance: {fileID: 0}
  m_PrefabAsset: {fileID: 0}
  m_GameObject: {fileID: 1368433385}
  m_Enabled: 1
  serializedVersion: 8
  m_Type: 1
  m_Color: {r: 1, g: 0.95686275, b: 0.8392157, a: 1}
  m_Intensity: 1
  m_Range: 10
  m_SpotAngle: 30
  m_CookieSize: 10
  m_Shadows:
    m_Type: 2
    m_Resolution: -1
    m_CustomResolution: -1
    m_Strength: 1
    m_Bias: 0.05
    m_NormalBias: 0.4
    m_NearPlane: 0.2
  m_Cookie: {fileID: 0}
  m_DrawHalo: 0
  m_Flare: {fileID: 0}
  m_RenderMode: 0
  m_CullingMask:
    serializedVersion: 2
    m_Bits: 4294967295
  m_Lightmapping: 4
  m_LightShadowCasterMode: 0
  m_AreaSize: {x: 1, y: 1}
  m_BounceIntensity: 1
  m_ColorTemperature: 6570
  m_UseColorTemperature: 0
  m_ShadowRadius: 0
  m_ShadowAngle: 0
--- !u!4 &1368433387
Transform:
  m_ObjectHideFlags: 0
  m_CorrespondingSourceObject: {fileID: 0}
  m_PrefabInstance: {fileID: 0}
  m_PrefabAsset: {fileID: 0}
  m_GameObject: {fileID: 1368433385}
  m_LocalRotation: {x: 0.40821788, y: -0.23456968, z: 0.10938163, w: 0.8754261}
  m_LocalPosition: {x: 0, y: 3, z: 0}
  m_LocalScale: {x: 1, y: 1, z: 1}
  m_Children: []
  m_Father: {fileID: 0}
  m_RootOrder: 0
  m_LocalEulerAnglesHint: {x: 50, y: -30, z: 0}
--- !u!1 &1371904072 stripped
GameObject:
  m_CorrespondingSourceObject: {fileID: 1275837788246996, guid: 300af311324cedc4cbcea2142292bc28,
    type: 3}
  m_PrefabInstance: {fileID: 1995436098}
  m_PrefabAsset: {fileID: 0}
--- !u!64 &1371904073
MeshCollider:
  m_ObjectHideFlags: 0
  m_CorrespondingSourceObject: {fileID: 0}
  m_PrefabInstance: {fileID: 0}
  m_PrefabAsset: {fileID: 0}
  m_GameObject: {fileID: 1371904072}
  m_Material: {fileID: 0}
  m_IsTrigger: 0
  m_Enabled: 1
  serializedVersion: 3
  m_Convex: 0
  m_CookingOptions: 14
  m_Mesh: {fileID: 4300000, guid: 7e379caeb44472d4c8ab54b51d2176d8, type: 3}
--- !u!1001 &1448777605
PrefabInstance:
  m_ObjectHideFlags: 0
  serializedVersion: 2
  m_Modification:
    m_TransformParent: {fileID: 1553478624}
    m_Modifications:
    - target: {fileID: 1832396019814904, guid: d0082c69565d1894b95f941dcef0abf3, type: 3}
      propertyPath: m_Name
      value: rock5
      objectReference: {fileID: 0}
    - target: {fileID: 4742415346303638, guid: d0082c69565d1894b95f941dcef0abf3, type: 3}
      propertyPath: m_LocalPosition.x
      value: -16
      objectReference: {fileID: 0}
    - target: {fileID: 4742415346303638, guid: d0082c69565d1894b95f941dcef0abf3, type: 3}
      propertyPath: m_LocalPosition.y
      value: 1.1
      objectReference: {fileID: 0}
    - target: {fileID: 4742415346303638, guid: d0082c69565d1894b95f941dcef0abf3, type: 3}
      propertyPath: m_LocalPosition.z
      value: 33.8
      objectReference: {fileID: 0}
    - target: {fileID: 4742415346303638, guid: d0082c69565d1894b95f941dcef0abf3, type: 3}
      propertyPath: m_LocalRotation.x
      value: -0
      objectReference: {fileID: 0}
    - target: {fileID: 4742415346303638, guid: d0082c69565d1894b95f941dcef0abf3, type: 3}
      propertyPath: m_LocalRotation.y
      value: -0
      objectReference: {fileID: 0}
    - target: {fileID: 4742415346303638, guid: d0082c69565d1894b95f941dcef0abf3, type: 3}
      propertyPath: m_LocalRotation.z
      value: -0
      objectReference: {fileID: 0}
    - target: {fileID: 4742415346303638, guid: d0082c69565d1894b95f941dcef0abf3, type: 3}
      propertyPath: m_LocalRotation.w
      value: 1
      objectReference: {fileID: 0}
    - target: {fileID: 4742415346303638, guid: d0082c69565d1894b95f941dcef0abf3, type: 3}
      propertyPath: m_RootOrder
      value: 0
      objectReference: {fileID: 0}
    - target: {fileID: 4742415346303638, guid: d0082c69565d1894b95f941dcef0abf3, type: 3}
      propertyPath: m_LocalEulerAnglesHint.x
      value: 0
      objectReference: {fileID: 0}
    - target: {fileID: 4742415346303638, guid: d0082c69565d1894b95f941dcef0abf3, type: 3}
      propertyPath: m_LocalEulerAnglesHint.y
      value: 0
      objectReference: {fileID: 0}
    - target: {fileID: 4742415346303638, guid: d0082c69565d1894b95f941dcef0abf3, type: 3}
      propertyPath: m_LocalEulerAnglesHint.z
      value: 0
      objectReference: {fileID: 0}
    - target: {fileID: 4742415346303638, guid: d0082c69565d1894b95f941dcef0abf3, type: 3}
      propertyPath: m_LocalScale.x
      value: 2
      objectReference: {fileID: 0}
    - target: {fileID: 4742415346303638, guid: d0082c69565d1894b95f941dcef0abf3, type: 3}
      propertyPath: m_LocalScale.y
      value: 2
      objectReference: {fileID: 0}
    - target: {fileID: 4742415346303638, guid: d0082c69565d1894b95f941dcef0abf3, type: 3}
      propertyPath: m_LocalScale.z
      value: 2
      objectReference: {fileID: 0}
    m_RemovedComponents: []
  m_SourcePrefab: {fileID: 100100000, guid: d0082c69565d1894b95f941dcef0abf3, type: 3}
--- !u!4 &1448777606 stripped
Transform:
  m_CorrespondingSourceObject: {fileID: 4742415346303638, guid: d0082c69565d1894b95f941dcef0abf3,
    type: 3}
  m_PrefabInstance: {fileID: 1448777605}
  m_PrefabAsset: {fileID: 0}
--- !u!1 &1454072226 stripped
GameObject:
  m_CorrespondingSourceObject: {fileID: 1136410170050514, guid: 776e4179c67bbce45bfe586d805ed1b1,
    type: 3}
  m_PrefabInstance: {fileID: 11818707}
  m_PrefabAsset: {fileID: 0}
--- !u!64 &1454072227
MeshCollider:
  m_ObjectHideFlags: 0
  m_CorrespondingSourceObject: {fileID: 0}
  m_PrefabInstance: {fileID: 0}
  m_PrefabAsset: {fileID: 0}
  m_GameObject: {fileID: 1454072226}
  m_Material: {fileID: 0}
  m_IsTrigger: 0
  m_Enabled: 1
  serializedVersion: 3
  m_Convex: 0
  m_CookingOptions: 14
  m_Mesh: {fileID: 4300000, guid: 35fbdaf702f015448a73fc6f063f5c91, type: 3}
--- !u!1 &1461360903 stripped
GameObject:
  m_CorrespondingSourceObject: {fileID: 1822502927068284, guid: e0ff1c3fe24c34d40bd6dc7ad4295f10,
    type: 3}
  m_PrefabInstance: {fileID: 1576152101}
  m_PrefabAsset: {fileID: 0}
--- !u!64 &1461360904
MeshCollider:
  m_ObjectHideFlags: 0
  m_CorrespondingSourceObject: {fileID: 0}
  m_PrefabInstance: {fileID: 0}
  m_PrefabAsset: {fileID: 0}
  m_GameObject: {fileID: 1461360903}
  m_Material: {fileID: 0}
  m_IsTrigger: 0
  m_Enabled: 1
  serializedVersion: 3
  m_Convex: 0
  m_CookingOptions: 14
  m_Mesh: {fileID: 4300000, guid: 325fb536b51b26440bd9b53fd2325e25, type: 3}
--- !u!1 &1471670224 stripped
GameObject:
  m_CorrespondingSourceObject: {fileID: 1853057613824546, guid: 9911d0c340ccc74449e8ecea1a7369af,
    type: 3}
  m_PrefabInstance: {fileID: 1896832763}
  m_PrefabAsset: {fileID: 0}
--- !u!64 &1471670225
MeshCollider:
  m_ObjectHideFlags: 0
  m_CorrespondingSourceObject: {fileID: 0}
  m_PrefabInstance: {fileID: 0}
  m_PrefabAsset: {fileID: 0}
  m_GameObject: {fileID: 1471670224}
  m_Material: {fileID: 0}
  m_IsTrigger: 0
  m_Enabled: 1
  serializedVersion: 3
  m_Convex: 0
  m_CookingOptions: 14
  m_Mesh: {fileID: 4300000, guid: 487794d26da0668418ae7eeb82a8bf24, type: 3}
--- !u!1 &1553478623
GameObject:
  m_ObjectHideFlags: 0
  m_CorrespondingSourceObject: {fileID: 0}
  m_PrefabInstance: {fileID: 0}
  m_PrefabAsset: {fileID: 0}
  serializedVersion: 6
  m_Component:
  - component: {fileID: 1553478624}
  m_Layer: 0
  m_Name: Rocks
  m_TagString: Rock
  m_Icon: {fileID: 0}
  m_NavMeshLayer: 0
  m_StaticEditorFlags: 0
  m_IsActive: 1
--- !u!4 &1553478624
Transform:
  m_ObjectHideFlags: 0
  m_CorrespondingSourceObject: {fileID: 0}
  m_PrefabInstance: {fileID: 0}
  m_PrefabAsset: {fileID: 0}
  m_GameObject: {fileID: 1553478623}
  m_LocalRotation: {x: -0, y: -0, z: -0, w: 1}
  m_LocalPosition: {x: 0, y: -1, z: 0}
  m_LocalScale: {x: 1, y: 1, z: 1}
  m_Children:
  - {fileID: 1448777606}
  - {fileID: 1715748033}
  - {fileID: 876199932}
  - {fileID: 1995436099}
  - {fileID: 37441117}
  - {fileID: 1576152102}
  - {fileID: 1896832764}
  - {fileID: 537262197}
  - {fileID: 11818708}
  m_Father: {fileID: 415221789}
  m_RootOrder: 5
  m_LocalEulerAnglesHint: {x: 0, y: 0, z: 0}
--- !u!1001 &1576152101
PrefabInstance:
  m_ObjectHideFlags: 0
  serializedVersion: 2
  m_Modification:
    m_TransformParent: {fileID: 1553478624}
    m_Modifications:
    - target: {fileID: 1822502927068284, guid: e0ff1c3fe24c34d40bd6dc7ad4295f10, type: 3}
      propertyPath: m_Name
      value: rock11
      objectReference: {fileID: 0}
    - target: {fileID: 4039088914600410, guid: e0ff1c3fe24c34d40bd6dc7ad4295f10, type: 3}
      propertyPath: m_LocalPosition.x
      value: 39.6
      objectReference: {fileID: 0}
    - target: {fileID: 4039088914600410, guid: e0ff1c3fe24c34d40bd6dc7ad4295f10, type: 3}
      propertyPath: m_LocalPosition.y
      value: 1.2493573
      objectReference: {fileID: 0}
    - target: {fileID: 4039088914600410, guid: e0ff1c3fe24c34d40bd6dc7ad4295f10, type: 3}
      propertyPath: m_LocalPosition.z
      value: -40.9
      objectReference: {fileID: 0}
    - target: {fileID: 4039088914600410, guid: e0ff1c3fe24c34d40bd6dc7ad4295f10, type: 3}
      propertyPath: m_LocalRotation.x
      value: -0
      objectReference: {fileID: 0}
    - target: {fileID: 4039088914600410, guid: e0ff1c3fe24c34d40bd6dc7ad4295f10, type: 3}
      propertyPath: m_LocalRotation.y
      value: -0
      objectReference: {fileID: 0}
    - target: {fileID: 4039088914600410, guid: e0ff1c3fe24c34d40bd6dc7ad4295f10, type: 3}
      propertyPath: m_LocalRotation.z
      value: -0
      objectReference: {fileID: 0}
    - target: {fileID: 4039088914600410, guid: e0ff1c3fe24c34d40bd6dc7ad4295f10, type: 3}
      propertyPath: m_LocalRotation.w
      value: 1
      objectReference: {fileID: 0}
    - target: {fileID: 4039088914600410, guid: e0ff1c3fe24c34d40bd6dc7ad4295f10, type: 3}
      propertyPath: m_RootOrder
      value: 5
      objectReference: {fileID: 0}
    - target: {fileID: 4039088914600410, guid: e0ff1c3fe24c34d40bd6dc7ad4295f10, type: 3}
      propertyPath: m_LocalEulerAnglesHint.x
      value: 0
      objectReference: {fileID: 0}
    - target: {fileID: 4039088914600410, guid: e0ff1c3fe24c34d40bd6dc7ad4295f10, type: 3}
      propertyPath: m_LocalEulerAnglesHint.y
      value: 0
      objectReference: {fileID: 0}
    - target: {fileID: 4039088914600410, guid: e0ff1c3fe24c34d40bd6dc7ad4295f10, type: 3}
      propertyPath: m_LocalEulerAnglesHint.z
      value: 0
      objectReference: {fileID: 0}
    - target: {fileID: 4039088914600410, guid: e0ff1c3fe24c34d40bd6dc7ad4295f10, type: 3}
      propertyPath: m_LocalScale.x
      value: 20
      objectReference: {fileID: 0}
    - target: {fileID: 4039088914600410, guid: e0ff1c3fe24c34d40bd6dc7ad4295f10, type: 3}
      propertyPath: m_LocalScale.y
      value: 15
      objectReference: {fileID: 0}
    - target: {fileID: 4039088914600410, guid: e0ff1c3fe24c34d40bd6dc7ad4295f10, type: 3}
      propertyPath: m_LocalScale.z
      value: 20
      objectReference: {fileID: 0}
    m_RemovedComponents: []
  m_SourcePrefab: {fileID: 100100000, guid: e0ff1c3fe24c34d40bd6dc7ad4295f10, type: 3}
--- !u!4 &1576152102 stripped
Transform:
  m_CorrespondingSourceObject: {fileID: 4039088914600410, guid: e0ff1c3fe24c34d40bd6dc7ad4295f10,
    type: 3}
  m_PrefabInstance: {fileID: 1576152101}
  m_PrefabAsset: {fileID: 0}
--- !u!1 &1609059473
GameObject:
  m_ObjectHideFlags: 0
  m_CorrespondingSourceObject: {fileID: 0}
  m_PrefabInstance: {fileID: 0}
  m_PrefabAsset: {fileID: 0}
  serializedVersion: 6
  m_Component:
  - component: {fileID: 1609059474}
  - component: {fileID: 1609059477}
  - component: {fileID: 1609059476}
  m_Layer: 0
  m_Name: Pupil
  m_TagString: Untagged
  m_Icon: {fileID: 0}
  m_NavMeshLayer: 0
  m_StaticEditorFlags: 0
  m_IsActive: 1
--- !u!4 &1609059474
Transform:
  m_ObjectHideFlags: 0
  m_CorrespondingSourceObject: {fileID: 0}
  m_PrefabInstance: {fileID: 0}
  m_PrefabAsset: {fileID: 0}
  m_GameObject: {fileID: 1609059473}
  m_LocalRotation: {x: -0, y: -0, z: -0, w: 1}
  m_LocalPosition: {x: 0.013, y: -0.077, z: 0.49}
  m_LocalScale: {x: 0.3333333, y: 0.25, z: 0.1}
  m_Children: []
  m_Father: {fileID: 558568171}
  m_RootOrder: 0
  m_LocalEulerAnglesHint: {x: 0, y: 0, z: 0}
--- !u!23 &1609059476
MeshRenderer:
  m_ObjectHideFlags: 0
  m_CorrespondingSourceObject: {fileID: 0}
  m_PrefabInstance: {fileID: 0}
  m_PrefabAsset: {fileID: 0}
  m_GameObject: {fileID: 1609059473}
  m_Enabled: 1
  m_CastShadows: 1
  m_ReceiveShadows: 1
  m_DynamicOccludee: 1
  m_MotionVectors: 1
  m_LightProbeUsage: 1
  m_ReflectionProbeUsage: 1
  m_RenderingLayerMask: 1
  m_RendererPriority: 0
  m_Materials:
  - {fileID: 2100000, guid: 4b1346f7d308f0c4d966247a8bca21e3, type: 2}
  m_StaticBatchInfo:
    firstSubMesh: 0
    subMeshCount: 0
  m_StaticBatchRoot: {fileID: 0}
  m_ProbeAnchor: {fileID: 0}
  m_LightProbeVolumeOverride: {fileID: 0}
  m_ScaleInLightmap: 1
  m_PreserveUVs: 0
  m_IgnoreNormalsForChartDetection: 0
  m_ImportantGI: 0
  m_StitchLightmapSeams: 0
  m_SelectedEditorRenderState: 3
  m_MinimumChartSize: 4
  m_AutoUVMaxDistance: 0.5
  m_AutoUVMaxAngle: 89
  m_LightmapParameters: {fileID: 0}
  m_SortingLayerID: 0
  m_SortingLayer: 0
  m_SortingOrder: 0
--- !u!33 &1609059477
MeshFilter:
  m_ObjectHideFlags: 0
  m_CorrespondingSourceObject: {fileID: 0}
  m_PrefabInstance: {fileID: 0}
  m_PrefabAsset: {fileID: 0}
  m_GameObject: {fileID: 1609059473}
  m_Mesh: {fileID: 10207, guid: 0000000000000000e000000000000000, type: 0}
--- !u!1 &1650052442 stripped
GameObject:
  m_CorrespondingSourceObject: {fileID: 1765881378657734, guid: e168f5d59d0657f44aea2a71d92ef39d,
    type: 3}
  m_PrefabInstance: {fileID: 537262196}
  m_PrefabAsset: {fileID: 0}
--- !u!64 &1650052443
MeshCollider:
  m_ObjectHideFlags: 0
  m_CorrespondingSourceObject: {fileID: 0}
  m_PrefabInstance: {fileID: 0}
  m_PrefabAsset: {fileID: 0}
  m_GameObject: {fileID: 1650052442}
  m_Material: {fileID: 0}
  m_IsTrigger: 0
  m_Enabled: 1
  serializedVersion: 3
  m_Convex: 0
  m_CookingOptions: 14
  m_Mesh: {fileID: 4300000, guid: 079bd105ca8cb4842811bf49c5937333, type: 3}
--- !u!1 &1689835784
GameObject:
  m_ObjectHideFlags: 0
  m_CorrespondingSourceObject: {fileID: 0}
  m_PrefabInstance: {fileID: 0}
  m_PrefabAsset: {fileID: 0}
  serializedVersion: 6
  m_Component:
  - component: {fileID: 1689835785}
  - component: {fileID: 1689835786}
  m_Layer: 0
  m_Name: RayVision
  m_TagString: Untagged
  m_Icon: {fileID: 0}
  m_NavMeshLayer: 0
  m_StaticEditorFlags: 0
  m_IsActive: 1
--- !u!4 &1689835785
Transform:
  m_ObjectHideFlags: 0
  m_CorrespondingSourceObject: {fileID: 0}
  m_PrefabInstance: {fileID: 0}
  m_PrefabAsset: {fileID: 0}
  m_GameObject: {fileID: 1689835784}
  m_LocalRotation: {x: -0, y: -0, z: -0, w: 1}
  m_LocalPosition: {x: 0, y: 0.099999964, z: 0.5999999}
  m_LocalScale: {x: 1, y: 1, z: 1}
  m_Children: []
  m_Father: {fileID: 586143135}
  m_RootOrder: 1
  m_LocalEulerAnglesHint: {x: 0, y: 0, z: 0}
--- !u!114 &1689835786
MonoBehaviour:
  m_ObjectHideFlags: 0
  m_CorrespondingSourceObject: {fileID: 0}
  m_PrefabInstance: {fileID: 0}
  m_PrefabAsset: {fileID: 0}
  m_GameObject: {fileID: 1689835784}
  m_Enabled: 1
  m_EditorHideFlags: 0
  m_Script: {fileID: 11500000, guid: 6bb6b867a41448888c1cd4f99643ad71, type: 3}
  m_Name: 
  m_EditorClassIdentifier: 
  m_SensorName: RayPerceptionSensor
  m_DetectableTags:
  - Tree
  - Apple
  - RottenApple
  - BadApple
  - Goal
  - Floor
  - Rampe
  - Platform
  - Rock
  - EmptyTree
  m_RaysPerDirection: 7
  m_MaxRayDegrees: 77
  m_SphereCastRadius: 1.6
  m_RayLength: 50
  m_RayLayerMask:
    serializedVersion: 2
    m_Bits: 4294967291
  m_ObservationStacks: 1
  rayHitColor: {r: 0, g: 0.2642517, b: 1, a: 1}
  rayMissColor: {r: 1, g: 0.028301895, b: 0.1113522, a: 1}
  m_StartVerticalOffset: 0
  m_EndVerticalOffset: 0
--- !u!1 &1706555500
GameObject:
  m_ObjectHideFlags: 0
  m_CorrespondingSourceObject: {fileID: 0}
  m_PrefabInstance: {fileID: 0}
  m_PrefabAsset: {fileID: 0}
  serializedVersion: 6
  m_Component:
  - component: {fileID: 1706555501}
  - component: {fileID: 1706555502}
  m_Layer: 0
  m_Name: Trail
  m_TagString: Untagged
  m_Icon: {fileID: 0}
  m_NavMeshLayer: 0
  m_StaticEditorFlags: 0
  m_IsActive: 1
--- !u!4 &1706555501
Transform:
  m_ObjectHideFlags: 0
  m_CorrespondingSourceObject: {fileID: 0}
  m_PrefabInstance: {fileID: 0}
  m_PrefabAsset: {fileID: 0}
  m_GameObject: {fileID: 1706555500}
  m_LocalRotation: {x: 0, y: 0, z: 0, w: 1}
  m_LocalPosition: {x: 0, y: 0, z: 0}
  m_LocalScale: {x: 1, y: 1, z: 1}
  m_Children: []
  m_Father: {fileID: 586143135}
  m_RootOrder: 4
  m_LocalEulerAnglesHint: {x: 0, y: 0, z: 0}
--- !u!96 &1706555502
TrailRenderer:
  serializedVersion: 2
  m_ObjectHideFlags: 0
  m_CorrespondingSourceObject: {fileID: 0}
  m_PrefabInstance: {fileID: 0}
  m_PrefabAsset: {fileID: 0}
  m_GameObject: {fileID: 1706555500}
  m_Enabled: 1
  m_CastShadows: 1
  m_ReceiveShadows: 1
  m_DynamicOccludee: 1
  m_MotionVectors: 1
  m_LightProbeUsage: 0
  m_ReflectionProbeUsage: 0
  m_RenderingLayerMask: 1
  m_RendererPriority: 0
  m_Materials:
  - {fileID: 10306, guid: 0000000000000000f000000000000000, type: 0}
  m_StaticBatchInfo:
    firstSubMesh: 0
    subMeshCount: 0
  m_StaticBatchRoot: {fileID: 0}
  m_ProbeAnchor: {fileID: 0}
  m_LightProbeVolumeOverride: {fileID: 0}
  m_ScaleInLightmap: 1
  m_PreserveUVs: 0
  m_IgnoreNormalsForChartDetection: 0
  m_ImportantGI: 0
  m_StitchLightmapSeams: 0
  m_SelectedEditorRenderState: 3
  m_MinimumChartSize: 4
  m_AutoUVMaxDistance: 0.5
  m_AutoUVMaxAngle: 89
  m_LightmapParameters: {fileID: 0}
  m_SortingLayerID: 0
  m_SortingLayer: 0
  m_SortingOrder: 0
  m_Time: 5
  m_Parameters:
    serializedVersion: 3
    widthMultiplier: 1
    widthCurve:
      serializedVersion: 2
      m_Curve:
      - serializedVersion: 3
        time: 0
        value: 1
        inSlope: 0
        outSlope: 0
        tangentMode: 0
        weightedMode: 0
        inWeight: 0.33333334
        outWeight: 0.33333334
      m_PreInfinity: 2
      m_PostInfinity: 2
      m_RotationOrder: 4
    colorGradient:
      serializedVersion: 2
      key0: {r: 1, g: 1, b: 1, a: 1}
      key1: {r: 1, g: 1, b: 1, a: 1}
      key2: {r: 0, g: 0, b: 0, a: 0}
      key3: {r: 0, g: 0, b: 0, a: 0}
      key4: {r: 0, g: 0, b: 0, a: 0}
      key5: {r: 0, g: 0, b: 0, a: 0}
      key6: {r: 0, g: 0, b: 0, a: 0}
      key7: {r: 0, g: 0, b: 0, a: 0}
      ctime0: 0
      ctime1: 65535
      ctime2: 0
      ctime3: 0
      ctime4: 0
      ctime5: 0
      ctime6: 0
      ctime7: 0
      atime0: 0
      atime1: 65535
      atime2: 0
      atime3: 0
      atime4: 0
      atime5: 0
      atime6: 0
      atime7: 0
      m_Mode: 0
      m_NumColorKeys: 2
      m_NumAlphaKeys: 2
    numCornerVertices: 0
    numCapVertices: 0
    alignment: 0
    textureMode: 0
    shadowBias: 0.5
    generateLightingData: 0
  m_MinVertexDistance: 0.1
  m_Autodestruct: 0
  m_Emitting: 1
--- !u!1001 &1715748032
PrefabInstance:
  m_ObjectHideFlags: 0
  serializedVersion: 2
  m_Modification:
    m_TransformParent: {fileID: 1553478624}
    m_Modifications:
    - target: {fileID: 1663760089543352, guid: 5f8124340f58c7842a99486ec1e5d44e, type: 3}
      propertyPath: m_Name
      value: rock6
      objectReference: {fileID: 0}
    - target: {fileID: 4016466012764230, guid: 5f8124340f58c7842a99486ec1e5d44e, type: 3}
      propertyPath: m_LocalPosition.x
      value: -42.2
      objectReference: {fileID: 0}
    - target: {fileID: 4016466012764230, guid: 5f8124340f58c7842a99486ec1e5d44e, type: 3}
      propertyPath: m_LocalPosition.y
      value: 1.144674
      objectReference: {fileID: 0}
    - target: {fileID: 4016466012764230, guid: 5f8124340f58c7842a99486ec1e5d44e, type: 3}
      propertyPath: m_LocalPosition.z
      value: 37.6
      objectReference: {fileID: 0}
    - target: {fileID: 4016466012764230, guid: 5f8124340f58c7842a99486ec1e5d44e, type: 3}
      propertyPath: m_LocalRotation.x
      value: -0
      objectReference: {fileID: 0}
    - target: {fileID: 4016466012764230, guid: 5f8124340f58c7842a99486ec1e5d44e, type: 3}
      propertyPath: m_LocalRotation.y
      value: -0
      objectReference: {fileID: 0}
    - target: {fileID: 4016466012764230, guid: 5f8124340f58c7842a99486ec1e5d44e, type: 3}
      propertyPath: m_LocalRotation.z
      value: -0
      objectReference: {fileID: 0}
    - target: {fileID: 4016466012764230, guid: 5f8124340f58c7842a99486ec1e5d44e, type: 3}
      propertyPath: m_LocalRotation.w
      value: 1
      objectReference: {fileID: 0}
    - target: {fileID: 4016466012764230, guid: 5f8124340f58c7842a99486ec1e5d44e, type: 3}
      propertyPath: m_RootOrder
      value: 1
      objectReference: {fileID: 0}
    - target: {fileID: 4016466012764230, guid: 5f8124340f58c7842a99486ec1e5d44e, type: 3}
      propertyPath: m_LocalEulerAnglesHint.x
      value: 0
      objectReference: {fileID: 0}
    - target: {fileID: 4016466012764230, guid: 5f8124340f58c7842a99486ec1e5d44e, type: 3}
      propertyPath: m_LocalEulerAnglesHint.y
      value: 0
      objectReference: {fileID: 0}
    - target: {fileID: 4016466012764230, guid: 5f8124340f58c7842a99486ec1e5d44e, type: 3}
      propertyPath: m_LocalEulerAnglesHint.z
      value: 0
      objectReference: {fileID: 0}
    - target: {fileID: 4016466012764230, guid: 5f8124340f58c7842a99486ec1e5d44e, type: 3}
      propertyPath: m_LocalScale.x
      value: 5
      objectReference: {fileID: 0}
    - target: {fileID: 4016466012764230, guid: 5f8124340f58c7842a99486ec1e5d44e, type: 3}
      propertyPath: m_LocalScale.y
      value: 5
      objectReference: {fileID: 0}
    - target: {fileID: 4016466012764230, guid: 5f8124340f58c7842a99486ec1e5d44e, type: 3}
      propertyPath: m_LocalScale.z
      value: 5
      objectReference: {fileID: 0}
    m_RemovedComponents: []
  m_SourcePrefab: {fileID: 100100000, guid: 5f8124340f58c7842a99486ec1e5d44e, type: 3}
--- !u!4 &1715748033 stripped
Transform:
  m_CorrespondingSourceObject: {fileID: 4016466012764230, guid: 5f8124340f58c7842a99486ec1e5d44e,
    type: 3}
  m_PrefabInstance: {fileID: 1715748032}
  m_PrefabAsset: {fileID: 0}
--- !u!1 &1741122299
GameObject:
  m_ObjectHideFlags: 0
  m_CorrespondingSourceObject: {fileID: 0}
  m_PrefabInstance: {fileID: 0}
  m_PrefabAsset: {fileID: 0}
  serializedVersion: 6
  m_Component:
  - component: {fileID: 1741122301}
  - component: {fileID: 1741122300}
  m_Layer: 0
  m_Name: Compostate
  m_TagString: Untagged
  m_Icon: {fileID: 0}
  m_NavMeshLayer: 0
  m_StaticEditorFlags: 0
  m_IsActive: 1
--- !u!114 &1741122300
MonoBehaviour:
  m_ObjectHideFlags: 0
  m_CorrespondingSourceObject: {fileID: 0}
  m_PrefabInstance: {fileID: 0}
  m_PrefabAsset: {fileID: 0}
  m_GameObject: {fileID: 1741122299}
  m_Enabled: 1
  m_EditorHideFlags: 0
  m_Script: {fileID: 11500000, guid: d8ea003187ebf4c1091f177b1c5099d2, type: 3}
  m_Name: 
  m_EditorClassIdentifier: 
  instantiateObject: {fileID: 8347700546095169124, guid: d34c5f289048341c3bf27395889cdd22,
    type: 3}
--- !u!4 &1741122301
Transform:
  m_ObjectHideFlags: 0
  m_CorrespondingSourceObject: {fileID: 0}
  m_PrefabInstance: {fileID: 0}
  m_PrefabAsset: {fileID: 0}
  m_GameObject: {fileID: 1741122299}
  m_LocalRotation: {x: 0, y: 0, z: 0, w: 1}
  m_LocalPosition: {x: 0, y: -1, z: 0}
  m_LocalScale: {x: 1, y: 1, z: 1}
  m_Children: []
  m_Father: {fileID: 0}
  m_RootOrder: 2
  m_LocalEulerAnglesHint: {x: 0, y: 0, z: 0}
--- !u!1001 &1794004076
PrefabInstance:
  m_ObjectHideFlags: 0
  serializedVersion: 2
  m_Modification:
    m_TransformParent: {fileID: 1241499317}
    m_Modifications:
    - target: {fileID: 1558117462287538, guid: cf705e2aba27ddb4193706d9c89e0cb4, type: 3}
      propertyPath: m_Name
      value: FruitTree
      objectReference: {fileID: 0}
    - target: {fileID: 1558117462287538, guid: cf705e2aba27ddb4193706d9c89e0cb4, type: 3}
      propertyPath: m_TagString
      value: Tree
      objectReference: {fileID: 0}
    - target: {fileID: 4854675211378140, guid: cf705e2aba27ddb4193706d9c89e0cb4, type: 3}
      propertyPath: m_LocalPosition.x
      value: -0
      objectReference: {fileID: 0}
    - target: {fileID: 4854675211378140, guid: cf705e2aba27ddb4193706d9c89e0cb4, type: 3}
      propertyPath: m_LocalPosition.y
      value: 1.2
      objectReference: {fileID: 0}
    - target: {fileID: 4854675211378140, guid: cf705e2aba27ddb4193706d9c89e0cb4, type: 3}
      propertyPath: m_LocalPosition.z
      value: 0
      objectReference: {fileID: 0}
    - target: {fileID: 4854675211378140, guid: cf705e2aba27ddb4193706d9c89e0cb4, type: 3}
      propertyPath: m_LocalRotation.x
      value: 0
      objectReference: {fileID: 0}
    - target: {fileID: 4854675211378140, guid: cf705e2aba27ddb4193706d9c89e0cb4, type: 3}
      propertyPath: m_LocalRotation.y
      value: -0
      objectReference: {fileID: 0}
    - target: {fileID: 4854675211378140, guid: cf705e2aba27ddb4193706d9c89e0cb4, type: 3}
      propertyPath: m_LocalRotation.z
      value: -0
      objectReference: {fileID: 0}
    - target: {fileID: 4854675211378140, guid: cf705e2aba27ddb4193706d9c89e0cb4, type: 3}
      propertyPath: m_LocalRotation.w
      value: 1
      objectReference: {fileID: 0}
    - target: {fileID: 4854675211378140, guid: cf705e2aba27ddb4193706d9c89e0cb4, type: 3}
      propertyPath: m_RootOrder
      value: 0
      objectReference: {fileID: 0}
    - target: {fileID: 4854675211378140, guid: cf705e2aba27ddb4193706d9c89e0cb4, type: 3}
      propertyPath: m_LocalEulerAnglesHint.x
      value: 0
      objectReference: {fileID: 0}
    - target: {fileID: 4854675211378140, guid: cf705e2aba27ddb4193706d9c89e0cb4, type: 3}
      propertyPath: m_LocalEulerAnglesHint.y
      value: 0
      objectReference: {fileID: 0}
    - target: {fileID: 4854675211378140, guid: cf705e2aba27ddb4193706d9c89e0cb4, type: 3}
      propertyPath: m_LocalEulerAnglesHint.z
      value: 0
      objectReference: {fileID: 0}
    - target: {fileID: 4854675211378140, guid: cf705e2aba27ddb4193706d9c89e0cb4, type: 3}
      propertyPath: m_LocalScale.y
      value: 5
      objectReference: {fileID: 0}
    - target: {fileID: 4854675211378140, guid: cf705e2aba27ddb4193706d9c89e0cb4, type: 3}
      propertyPath: m_LocalScale.x
      value: 5
      objectReference: {fileID: 0}
    - target: {fileID: 4854675211378140, guid: cf705e2aba27ddb4193706d9c89e0cb4, type: 3}
      propertyPath: m_LocalScale.z
      value: 5
      objectReference: {fileID: 0}
    - target: {fileID: 23384139241893440, guid: cf705e2aba27ddb4193706d9c89e0cb4,
        type: 3}
      propertyPath: m_Materials.Array.data[0]
      value: 
      objectReference: {fileID: 2100000, guid: f9ef8ab0c01884a0a88cfcd9ac81b0ed, type: 2}
    m_RemovedComponents: []
  m_SourcePrefab: {fileID: 100100000, guid: cf705e2aba27ddb4193706d9c89e0cb4, type: 3}
--- !u!1001 &1896832763
PrefabInstance:
  m_ObjectHideFlags: 0
  serializedVersion: 2
  m_Modification:
    m_TransformParent: {fileID: 1553478624}
    m_Modifications:
    - target: {fileID: 1853057613824546, guid: 9911d0c340ccc74449e8ecea1a7369af, type: 3}
      propertyPath: m_Name
      value: rock7
      objectReference: {fileID: 0}
    - target: {fileID: 4395402594469902, guid: 9911d0c340ccc74449e8ecea1a7369af, type: 3}
      propertyPath: m_LocalPosition.x
      value: -40
      objectReference: {fileID: 0}
    - target: {fileID: 4395402594469902, guid: 9911d0c340ccc74449e8ecea1a7369af, type: 3}
      propertyPath: m_LocalPosition.y
      value: 1.6
      objectReference: {fileID: 0}
    - target: {fileID: 4395402594469902, guid: 9911d0c340ccc74449e8ecea1a7369af, type: 3}
      propertyPath: m_LocalPosition.z
      value: -30
      objectReference: {fileID: 0}
    - target: {fileID: 4395402594469902, guid: 9911d0c340ccc74449e8ecea1a7369af, type: 3}
      propertyPath: m_LocalRotation.x
      value: -0
      objectReference: {fileID: 0}
    - target: {fileID: 4395402594469902, guid: 9911d0c340ccc74449e8ecea1a7369af, type: 3}
      propertyPath: m_LocalRotation.y
      value: -0
      objectReference: {fileID: 0}
    - target: {fileID: 4395402594469902, guid: 9911d0c340ccc74449e8ecea1a7369af, type: 3}
      propertyPath: m_LocalRotation.z
      value: -0
      objectReference: {fileID: 0}
    - target: {fileID: 4395402594469902, guid: 9911d0c340ccc74449e8ecea1a7369af, type: 3}
      propertyPath: m_LocalRotation.w
      value: 1
      objectReference: {fileID: 0}
    - target: {fileID: 4395402594469902, guid: 9911d0c340ccc74449e8ecea1a7369af, type: 3}
      propertyPath: m_RootOrder
      value: 6
      objectReference: {fileID: 0}
    - target: {fileID: 4395402594469902, guid: 9911d0c340ccc74449e8ecea1a7369af, type: 3}
      propertyPath: m_LocalEulerAnglesHint.x
      value: 0
      objectReference: {fileID: 0}
    - target: {fileID: 4395402594469902, guid: 9911d0c340ccc74449e8ecea1a7369af, type: 3}
      propertyPath: m_LocalEulerAnglesHint.y
      value: 0
      objectReference: {fileID: 0}
    - target: {fileID: 4395402594469902, guid: 9911d0c340ccc74449e8ecea1a7369af, type: 3}
      propertyPath: m_LocalEulerAnglesHint.z
      value: 0
      objectReference: {fileID: 0}
    - target: {fileID: 4395402594469902, guid: 9911d0c340ccc74449e8ecea1a7369af, type: 3}
      propertyPath: m_LocalScale.x
      value: 20
      objectReference: {fileID: 0}
    - target: {fileID: 4395402594469902, guid: 9911d0c340ccc74449e8ecea1a7369af, type: 3}
      propertyPath: m_LocalScale.y
      value: 15
      objectReference: {fileID: 0}
    - target: {fileID: 4395402594469902, guid: 9911d0c340ccc74449e8ecea1a7369af, type: 3}
      propertyPath: m_LocalScale.z
      value: 20
      objectReference: {fileID: 0}
    m_RemovedComponents: []
  m_SourcePrefab: {fileID: 100100000, guid: 9911d0c340ccc74449e8ecea1a7369af, type: 3}
--- !u!4 &1896832764 stripped
Transform:
  m_CorrespondingSourceObject: {fileID: 4395402594469902, guid: 9911d0c340ccc74449e8ecea1a7369af,
    type: 3}
  m_PrefabInstance: {fileID: 1896832763}
  m_PrefabAsset: {fileID: 0}
--- !u!1 &1961623205 stripped
GameObject:
  m_CorrespondingSourceObject: {fileID: 1663760089543352, guid: 5f8124340f58c7842a99486ec1e5d44e,
    type: 3}
  m_PrefabInstance: {fileID: 1715748032}
  m_PrefabAsset: {fileID: 0}
--- !u!64 &1961623206
MeshCollider:
  m_ObjectHideFlags: 0
  m_CorrespondingSourceObject: {fileID: 0}
  m_PrefabInstance: {fileID: 0}
  m_PrefabAsset: {fileID: 0}
  m_GameObject: {fileID: 1961623205}
  m_Material: {fileID: 0}
  m_IsTrigger: 0
  m_Enabled: 1
  serializedVersion: 3
  m_Convex: 0
  m_CookingOptions: 14
  m_Mesh: {fileID: 4300000, guid: 16052efc4d4846541824b8ae14ff1316, type: 3}
--- !u!1 &1964591886 stripped
GameObject:
  m_CorrespondingSourceObject: {fileID: 1558117462287538, guid: cf705e2aba27ddb4193706d9c89e0cb4,
    type: 3}
  m_PrefabInstance: {fileID: 1794004076}
  m_PrefabAsset: {fileID: 0}
--- !u!4 &1964591887 stripped
Transform:
  m_CorrespondingSourceObject: {fileID: 4854675211378140, guid: cf705e2aba27ddb4193706d9c89e0cb4,
    type: 3}
  m_PrefabInstance: {fileID: 1794004076}
  m_PrefabAsset: {fileID: 0}
--- !u!114 &1964591888
MonoBehaviour:
  m_ObjectHideFlags: 0
  m_CorrespondingSourceObject: {fileID: 0}
  m_PrefabInstance: {fileID: 0}
  m_PrefabAsset: {fileID: 0}
  m_GameObject: {fileID: 1964591886}
  m_Enabled: 1
  m_EditorHideFlags: 0
  m_Script: {fileID: 11500000, guid: 2db4102351aa844329424ebaeca7d392, type: 3}
  m_Name: 
  m_EditorClassIdentifier: 
  respawn: 0
  maxApples: 30
  currentApples: 30
  applePrefab: {fileID: 3332196162374455197, guid: 277599a977e5143e4b881946cf7a4896,
    type: 3}
  respawnTimer: 30
  greenMat: {fileID: 2100000, guid: f9ef8ab0c01884a0a88cfcd9ac81b0ed, type: 2}
  green2Mat: {fileID: 2100000, guid: 80a981e926733cb468f11f1cda7f3d25, type: 2}
  brownMat: {fileID: 2100000, guid: 3161b20e16ea0a04584b89e364300f25, type: 2}
--- !u!64 &1964591889
MeshCollider:
  m_ObjectHideFlags: 0
  m_CorrespondingSourceObject: {fileID: 0}
  m_PrefabInstance: {fileID: 0}
  m_PrefabAsset: {fileID: 0}
  m_GameObject: {fileID: 1964591886}
  m_Material: {fileID: 0}
  m_IsTrigger: 0
  m_Enabled: 1
  serializedVersion: 3
  m_Convex: 0
  m_CookingOptions: 14
  m_Mesh: {fileID: 4300000, guid: 648bc57665712eb4cb73054c0c1e7fda, type: 3}
--- !u!114 &1964591890
MonoBehaviour:
  m_ObjectHideFlags: 0
  m_CorrespondingSourceObject: {fileID: 0}
  m_PrefabInstance: {fileID: 0}
  m_PrefabAsset: {fileID: 0}
  m_GameObject: {fileID: 1964591886}
  m_Enabled: 1
  m_EditorHideFlags: 0
  m_Script: {fileID: 11500000, guid: 340e4a8e7431242288d78fbf62d389f0, type: 3}
  m_Name: 
  m_EditorClassIdentifier: 
--- !u!54 &1964591891
Rigidbody:
  m_ObjectHideFlags: 0
  m_CorrespondingSourceObject: {fileID: 0}
  m_PrefabInstance: {fileID: 0}
  m_PrefabAsset: {fileID: 0}
  m_GameObject: {fileID: 1964591886}
  serializedVersion: 2
  m_Mass: 1
  m_Drag: 0
  m_AngularDrag: 0.05
  m_UseGravity: 1
  m_IsKinematic: 1
  m_Interpolate: 0
  m_Constraints: 126
  m_CollisionDetection: 0
--- !u!1001 &1995436098
PrefabInstance:
  m_ObjectHideFlags: 0
  serializedVersion: 2
  m_Modification:
    m_TransformParent: {fileID: 1553478624}
    m_Modifications:
    - target: {fileID: 1275837788246996, guid: 300af311324cedc4cbcea2142292bc28, type: 3}
      propertyPath: m_Name
      value: rock9
      objectReference: {fileID: 0}
    - target: {fileID: 4969444207945588, guid: 300af311324cedc4cbcea2142292bc28, type: 3}
      propertyPath: m_LocalPosition.x
      value: 28
      objectReference: {fileID: 0}
    - target: {fileID: 4969444207945588, guid: 300af311324cedc4cbcea2142292bc28, type: 3}
      propertyPath: m_LocalPosition.y
      value: -0.9
      objectReference: {fileID: 0}
    - target: {fileID: 4969444207945588, guid: 300af311324cedc4cbcea2142292bc28, type: 3}
      propertyPath: m_LocalPosition.z
      value: 41.6
      objectReference: {fileID: 0}
    - target: {fileID: 4969444207945588, guid: 300af311324cedc4cbcea2142292bc28, type: 3}
      propertyPath: m_LocalRotation.x
      value: -0
      objectReference: {fileID: 0}
    - target: {fileID: 4969444207945588, guid: 300af311324cedc4cbcea2142292bc28, type: 3}
      propertyPath: m_LocalRotation.y
      value: -0
      objectReference: {fileID: 0}
    - target: {fileID: 4969444207945588, guid: 300af311324cedc4cbcea2142292bc28, type: 3}
      propertyPath: m_LocalRotation.z
      value: -0
      objectReference: {fileID: 0}
    - target: {fileID: 4969444207945588, guid: 300af311324cedc4cbcea2142292bc28, type: 3}
      propertyPath: m_LocalRotation.w
      value: 1
      objectReference: {fileID: 0}
    - target: {fileID: 4969444207945588, guid: 300af311324cedc4cbcea2142292bc28, type: 3}
      propertyPath: m_RootOrder
      value: 3
      objectReference: {fileID: 0}
    - target: {fileID: 4969444207945588, guid: 300af311324cedc4cbcea2142292bc28, type: 3}
      propertyPath: m_LocalEulerAnglesHint.x
      value: 0
      objectReference: {fileID: 0}
    - target: {fileID: 4969444207945588, guid: 300af311324cedc4cbcea2142292bc28, type: 3}
      propertyPath: m_LocalEulerAnglesHint.y
      value: 0
      objectReference: {fileID: 0}
    - target: {fileID: 4969444207945588, guid: 300af311324cedc4cbcea2142292bc28, type: 3}
      propertyPath: m_LocalEulerAnglesHint.z
      value: 0
      objectReference: {fileID: 0}
    - target: {fileID: 4969444207945588, guid: 300af311324cedc4cbcea2142292bc28, type: 3}
      propertyPath: m_LocalScale.x
      value: 15
      objectReference: {fileID: 0}
    - target: {fileID: 4969444207945588, guid: 300af311324cedc4cbcea2142292bc28, type: 3}
      propertyPath: m_LocalScale.y
      value: 15
      objectReference: {fileID: 0}
    - target: {fileID: 4969444207945588, guid: 300af311324cedc4cbcea2142292bc28, type: 3}
      propertyPath: m_LocalScale.z
      value: 15
      objectReference: {fileID: 0}
    m_RemovedComponents: []
  m_SourcePrefab: {fileID: 100100000, guid: 300af311324cedc4cbcea2142292bc28, type: 3}
--- !u!4 &1995436099 stripped
Transform:
  m_CorrespondingSourceObject: {fileID: 4969444207945588, guid: 300af311324cedc4cbcea2142292bc28,
    type: 3}
  m_PrefabInstance: {fileID: 1995436098}
  m_PrefabAsset: {fileID: 0}
--- !u!1 &2036742273
GameObject:
  m_ObjectHideFlags: 0
  m_CorrespondingSourceObject: {fileID: 0}
  m_PrefabInstance: {fileID: 0}
  m_PrefabAsset: {fileID: 0}
  serializedVersion: 6
  m_Component:
  - component: {fileID: 2036742274}
  - component: {fileID: 2036742277}
  - component: {fileID: 2036742276}
  m_Layer: 0
  m_Name: LeftEye
  m_TagString: Untagged
  m_Icon: {fileID: 0}
  m_NavMeshLayer: 0
  m_StaticEditorFlags: 0
  m_IsActive: 1
--- !u!4 &2036742274
Transform:
  m_ObjectHideFlags: 0
  m_CorrespondingSourceObject: {fileID: 0}
  m_PrefabInstance: {fileID: 0}
  m_PrefabAsset: {fileID: 0}
  m_GameObject: {fileID: 2036742273}
  m_LocalRotation: {x: -0, y: -0, z: -0, w: 1}
  m_LocalPosition: {x: 0.1420002, y: 0.099999964, z: 0.5}
  m_LocalScale: {x: 0.3, y: 0.4, z: 0.1}
  m_Children:
  - {fileID: 480693220}
  m_Father: {fileID: 586143135}
  m_RootOrder: 3
  m_LocalEulerAnglesHint: {x: 0, y: 0, z: 0}
--- !u!23 &2036742276
MeshRenderer:
  m_ObjectHideFlags: 0
  m_CorrespondingSourceObject: {fileID: 0}
  m_PrefabInstance: {fileID: 0}
  m_PrefabAsset: {fileID: 0}
  m_GameObject: {fileID: 2036742273}
  m_Enabled: 1
  m_CastShadows: 1
  m_ReceiveShadows: 1
  m_DynamicOccludee: 1
  m_MotionVectors: 1
  m_LightProbeUsage: 1
  m_ReflectionProbeUsage: 1
  m_RenderingLayerMask: 1
  m_RendererPriority: 0
  m_Materials:
  - {fileID: 2100000, guid: 996192333ee11ea4e9a4531218108287, type: 2}
  m_StaticBatchInfo:
    firstSubMesh: 0
    subMeshCount: 0
  m_StaticBatchRoot: {fileID: 0}
  m_ProbeAnchor: {fileID: 0}
  m_LightProbeVolumeOverride: {fileID: 0}
  m_ScaleInLightmap: 1
  m_PreserveUVs: 0
  m_IgnoreNormalsForChartDetection: 0
  m_ImportantGI: 0
  m_StitchLightmapSeams: 0
  m_SelectedEditorRenderState: 3
  m_MinimumChartSize: 4
  m_AutoUVMaxDistance: 0.5
  m_AutoUVMaxAngle: 89
  m_LightmapParameters: {fileID: 0}
  m_SortingLayerID: 0
  m_SortingLayer: 0
  m_SortingOrder: 0
--- !u!33 &2036742277
MeshFilter:
  m_ObjectHideFlags: 0
  m_CorrespondingSourceObject: {fileID: 0}
  m_PrefabInstance: {fileID: 0}
  m_PrefabAsset: {fileID: 0}
  m_GameObject: {fileID: 2036742273}
  m_Mesh: {fileID: 10207, guid: 0000000000000000e000000000000000, type: 0}
--- !u!1 &2090801473
GameObject:
  m_ObjectHideFlags: 0
  m_CorrespondingSourceObject: {fileID: 0}
  m_PrefabInstance: {fileID: 0}
  m_PrefabAsset: {fileID: 0}
  serializedVersion: 6
  m_Component:
  - component: {fileID: 2090801474}
  - component: {fileID: 2090801477}
  - component: {fileID: 2090801476}
  - component: {fileID: 2090801475}
  m_Layer: 0
  m_Name: Cube
  m_TagString: Platform
  m_Icon: {fileID: 0}
  m_NavMeshLayer: 0
  m_StaticEditorFlags: 0
  m_IsActive: 1
--- !u!4 &2090801474
Transform:
  m_ObjectHideFlags: 0
  m_CorrespondingSourceObject: {fileID: 0}
  m_PrefabInstance: {fileID: 0}
  m_PrefabAsset: {fileID: 0}
  m_GameObject: {fileID: 2090801473}
  m_LocalRotation: {x: 0, y: 0, z: 0, w: 1}
  m_LocalPosition: {x: 7.51, y: 0.998, z: -53.61}
  m_LocalScale: {x: 7, y: 2, z: 7}
  m_Children: []
  m_Father: {fileID: 841649710}
  m_RootOrder: 3
  m_LocalEulerAnglesHint: {x: 0, y: 0, z: 0}
--- !u!65 &2090801475
BoxCollider:
  m_ObjectHideFlags: 0
  m_CorrespondingSourceObject: {fileID: 0}
  m_PrefabInstance: {fileID: 0}
  m_PrefabAsset: {fileID: 0}
  m_GameObject: {fileID: 2090801473}
  m_Material: {fileID: 0}
  m_IsTrigger: 0
  m_Enabled: 1
  serializedVersion: 2
  m_Size: {x: 1, y: 1, z: 1}
  m_Center: {x: 0, y: 0, z: 0}
--- !u!23 &2090801476
MeshRenderer:
  m_ObjectHideFlags: 0
  m_CorrespondingSourceObject: {fileID: 0}
  m_PrefabInstance: {fileID: 0}
  m_PrefabAsset: {fileID: 0}
  m_GameObject: {fileID: 2090801473}
  m_Enabled: 1
  m_CastShadows: 1
  m_ReceiveShadows: 1
  m_DynamicOccludee: 1
  m_MotionVectors: 1
  m_LightProbeUsage: 1
  m_ReflectionProbeUsage: 1
  m_RenderingLayerMask: 1
  m_RendererPriority: 0
  m_Materials:
  - {fileID: 2100000, guid: 8974407563f5678498fd67171fb73c8b, type: 2}
  m_StaticBatchInfo:
    firstSubMesh: 0
    subMeshCount: 0
  m_StaticBatchRoot: {fileID: 0}
  m_ProbeAnchor: {fileID: 0}
  m_LightProbeVolumeOverride: {fileID: 0}
  m_ScaleInLightmap: 1
  m_PreserveUVs: 0
  m_IgnoreNormalsForChartDetection: 0
  m_ImportantGI: 0
  m_StitchLightmapSeams: 0
  m_SelectedEditorRenderState: 3
  m_MinimumChartSize: 4
  m_AutoUVMaxDistance: 0.5
  m_AutoUVMaxAngle: 89
  m_LightmapParameters: {fileID: 0}
  m_SortingLayerID: 0
  m_SortingLayer: 0
  m_SortingOrder: 0
--- !u!33 &2090801477
MeshFilter:
  m_ObjectHideFlags: 0
  m_CorrespondingSourceObject: {fileID: 0}
  m_PrefabInstance: {fileID: 0}
  m_PrefabAsset: {fileID: 0}
  m_GameObject: {fileID: 2090801473}
  m_Mesh: {fileID: 10202, guid: 0000000000000000e000000000000000, type: 0}
--- !u!1001 &6515622204839562092
PrefabInstance:
  m_ObjectHideFlags: 0
  serializedVersion: 2
  m_Modification:
    m_TransformParent: {fileID: 415221789}
    m_Modifications:
    - target: {fileID: 8381890632152492866, guid: 867926b7be9d845a6978d00bd2f4b49a,
        type: 3}
      propertyPath: m_Name
      value: Apple
      objectReference: {fileID: 0}
    - target: {fileID: 8381890632152492869, guid: 867926b7be9d845a6978d00bd2f4b49a,
        type: 3}
      propertyPath: m_LocalPosition.x
      value: 0
      objectReference: {fileID: 0}
    - target: {fileID: 8381890632152492869, guid: 867926b7be9d845a6978d00bd2f4b49a,
        type: 3}
      propertyPath: m_LocalPosition.y
      value: 1
      objectReference: {fileID: 0}
    - target: {fileID: 8381890632152492869, guid: 867926b7be9d845a6978d00bd2f4b49a,
        type: 3}
      propertyPath: m_LocalPosition.z
      value: 0
      objectReference: {fileID: 0}
    - target: {fileID: 8381890632152492869, guid: 867926b7be9d845a6978d00bd2f4b49a,
        type: 3}
      propertyPath: m_LocalRotation.x
      value: -0
      objectReference: {fileID: 0}
    - target: {fileID: 8381890632152492869, guid: 867926b7be9d845a6978d00bd2f4b49a,
        type: 3}
      propertyPath: m_LocalRotation.y
      value: -0
      objectReference: {fileID: 0}
    - target: {fileID: 8381890632152492869, guid: 867926b7be9d845a6978d00bd2f4b49a,
        type: 3}
      propertyPath: m_LocalRotation.z
      value: -0
      objectReference: {fileID: 0}
    - target: {fileID: 8381890632152492869, guid: 867926b7be9d845a6978d00bd2f4b49a,
        type: 3}
      propertyPath: m_LocalRotation.w
      value: 1
      objectReference: {fileID: 0}
    - target: {fileID: 8381890632152492869, guid: 867926b7be9d845a6978d00bd2f4b49a,
        type: 3}
      propertyPath: m_RootOrder
      value: 1
      objectReference: {fileID: 0}
    - target: {fileID: 8381890632152492869, guid: 867926b7be9d845a6978d00bd2f4b49a,
        type: 3}
      propertyPath: m_LocalEulerAnglesHint.x
      value: 0
      objectReference: {fileID: 0}
    - target: {fileID: 8381890632152492869, guid: 867926b7be9d845a6978d00bd2f4b49a,
        type: 3}
      propertyPath: m_LocalEulerAnglesHint.y
      value: 0
      objectReference: {fileID: 0}
    - target: {fileID: 8381890632152492869, guid: 867926b7be9d845a6978d00bd2f4b49a,
        type: 3}
      propertyPath: m_LocalEulerAnglesHint.z
      value: 0
      objectReference: {fileID: 0}
    m_RemovedComponents: []
  m_SourcePrefab: {fileID: 100100000, guid: 867926b7be9d845a6978d00bd2f4b49a, type: 3}
--- !u!1001 &6607011208271654019
PrefabInstance:
  m_ObjectHideFlags: 0
  serializedVersion: 2
  m_Modification:
    m_TransformParent: {fileID: 415221789}
    m_Modifications:
    - target: {fileID: 121064066252044224, guid: d6cad603957094ea2944170886eaad33,
        type: 3}
      propertyPath: applePrefab
      value: 
      objectReference: {fileID: 817954142}
    - target: {fileID: 8470856870357660202, guid: d6cad603957094ea2944170886eaad33,
        type: 3}
      propertyPath: m_Name
      value: BadApple
      objectReference: {fileID: 0}
    - target: {fileID: 8470856870357660205, guid: d6cad603957094ea2944170886eaad33,
        type: 3}
      propertyPath: m_LocalPosition.x
      value: 0
      objectReference: {fileID: 0}
    - target: {fileID: 8470856870357660205, guid: d6cad603957094ea2944170886eaad33,
        type: 3}
      propertyPath: m_LocalPosition.y
      value: -1
      objectReference: {fileID: 0}
    - target: {fileID: 8470856870357660205, guid: d6cad603957094ea2944170886eaad33,
        type: 3}
      propertyPath: m_LocalPosition.z
      value: 0
      objectReference: {fileID: 0}
    - target: {fileID: 8470856870357660205, guid: d6cad603957094ea2944170886eaad33,
        type: 3}
      propertyPath: m_LocalRotation.x
      value: -0
      objectReference: {fileID: 0}
    - target: {fileID: 8470856870357660205, guid: d6cad603957094ea2944170886eaad33,
        type: 3}
      propertyPath: m_LocalRotation.y
      value: -0
      objectReference: {fileID: 0}
    - target: {fileID: 8470856870357660205, guid: d6cad603957094ea2944170886eaad33,
        type: 3}
      propertyPath: m_LocalRotation.z
      value: -0
      objectReference: {fileID: 0}
    - target: {fileID: 8470856870357660205, guid: d6cad603957094ea2944170886eaad33,
        type: 3}
      propertyPath: m_LocalRotation.w
      value: 1
      objectReference: {fileID: 0}
    - target: {fileID: 8470856870357660205, guid: d6cad603957094ea2944170886eaad33,
        type: 3}
      propertyPath: m_RootOrder
      value: 0
      objectReference: {fileID: 0}
    - target: {fileID: 8470856870357660205, guid: d6cad603957094ea2944170886eaad33,
        type: 3}
      propertyPath: m_LocalEulerAnglesHint.x
      value: 0
      objectReference: {fileID: 0}
    - target: {fileID: 8470856870357660205, guid: d6cad603957094ea2944170886eaad33,
        type: 3}
      propertyPath: m_LocalEulerAnglesHint.y
      value: 0
      objectReference: {fileID: 0}
    - target: {fileID: 8470856870357660205, guid: d6cad603957094ea2944170886eaad33,
        type: 3}
      propertyPath: m_LocalEulerAnglesHint.z
      value: 0
      objectReference: {fileID: 0}
    m_RemovedComponents: []
  m_SourcePrefab: {fileID: 100100000, guid: d6cad603957094ea2944170886eaad33, type: 3}
